7041 9616
590 565 117 21 iMOliC
743 567 44 16 uv;
1008 568 35 14 CV
1062 566 25 15 il
1107 561 21 21 J
1154 566 57 16 C«.C
1240 564 47 17 Clu
1307 564 67 17 *Uiv
1392 563 11 17 À
1564 568 9 9 V

589 598 98 40 dans
702 608 68 28 son
787 596 331 47 commandement
1134 599 237 36 exactement
1386 604 145 28 comme
1550 591 23 37 1<

588 649 155 50 général
757 647 191 39 Benedek.
964 642 61 45 On
1039 660 41 26 se
1095 654 175 33 contente
1287 648 234 37 maintenant
1536 642 37 39 de

587 701 209 47 disgracier
811 699 58 40 les
885 702 192 45 généraux
1094 699 261 39 malheureux.
1384 697 60 37 Au
1462 701 111 42 temps

588 754 49 39 do
652 751 200 51 Carthage,
868 759 162 32 souvent
1042 752 46 37 ils
1106 752 87 37 n'en
1209 751 140 37 étaient
1367 758 66 40 pas
1444 746 129 50 quittes

590 814 18 29 à
628 804 33 37 si
675 803 72 38 bon
765 803 169 38 marché.

641 855 140 38 L'astre
798 854 51 39 du
868 855 150 50 général
1036 853 162 40 Cialdiri
1233 864 40 26 se
1291 856 145 33 montre
1461 849 112 37 main-

592 912 129 33 tenant
739 915 21 29 a
779 907 178 38 1,*horizon
970 920 8 33 ;
1007 908 90 36 c'est
1111 904 255 39 évidemment
1384 903 31 34 le
1432 903 137 45 généra

590 960 65 46 qui
672 959 89 49 joue
778 958 239 51 aujourd'hui
1038 958 34 37 le
1088 956 76 39 rôle
1197 951 282 54 prépondérant
1490 951 83 39 dan!

529 1026 16 26 v
592 1011 167 39 Tarmée.

645 1063 47 36 Le
711 1060 138 40 second
865 1060 89 46 plan
974 1064 56 34 est
1046 1057 96 39 celui
1160 1067 74 35 que
1253 1056 35 36 le
1303 1055 151 45 général
1481 1053 92 39 Cial-

593 1113 81 40 dini
693 1118 57 33 est
766 1113 156 37 e-itra'n
938 1110 230 45 d'exécuter;
1192 1107 24 37 il
1232 1112 56 32 est
1305 1106 152 38 devenu
1475 1104 98 39 faci!<

593 1167 23 34 Il
634 1166 130 37 suivre
797 1163 96 39 dans
921 1173 41 27 sa
994 1160 186 51 première
1198 1158 136 50 partie,
1367 1161 110 47 grâce
1509 1167 64 28 au3

596 1216 175 37 victoires
788 1214 65 38 des
869 1213 210 37 Prussiens.

645 1268 50 34 Ce
711 1266 88 46 plan
814 1264 163 38 consiste
991 1261 96 38 dans
1105 1272 75 26 une
1197 1261 174 38 invasion
1386 1260 48 38 de
1450 1259 37 38 la
1507 1258 66 37 Vé-

593 1318 100 40 nétie
710 1328 69 35 par
794 1316 33 36 le
843 1315 68 37 bas
924 1314 63 43 Pô,
1006 1311 97 40 dans
1120 1322 72 26 une
1213 1312 172 38 invasion
1403 1310 51 38 du
1472 1311 98 47 Tyro

593 1380 69 32 par
680 1369 54 36 ies
751 1364 237 40 volontaires,
1009 1368 38 33 et
1061 1362 95 38 dans
1175 1375 74 25 une
1268 1361 217 46 expédition
1502 1369 71 29 ma-

595 1420 121 36 ritime
734 1428 65 26 sur
816 1427 47 25 un
881 1415 106 46 point
1001 1414 237 48 quelconque
1254 1413 47 38 de
1321 1410 246 47 l'Adriatique

643 1470 48 35 Le
709 1465 254 50 quadrilatère
982 1466 91 41 était
1088 1464 181 45 l'objectif
1282 1463 122 38 direct
1434 1460 96 40 dans
1549 1460 24 37 le

593 1519 165 46 premier
773 1518 110 44 plan;
901 1516 96 38 dans
1014 1516 35 38 le
1067 1515 140 38 second
1223 1516 104 48 pian,
1354 1513 99 37 celui
1468 1513 105 49 qu'or

592 1570 75 39 suit
695 1568 279 48 nctuellement,
1007 1568 26 36 il
1052 1573 57 31 est
1132 1566 182 48 l'objectif
1344 1563 221 39 secondaire

593 1618 198 49 L'objectif
800 1617 190 50 principal
1008 1616 151 51 indiqué
1173 1622 56 32 est
1245 1616 196 38 VIENNE.
1469 1615 104 37 Àuss:

593 1684 45 27 on
658 1683 40 26 se
713 1676 172 32 contente
901 1669 47 40 de
964 1668 92 38 faire
1068 1668 205 38 maintenir
1289 1668 53 37 les
1358 1674 153 42 troupes
1531 1665 42 39 di

588 1721 256 49 ijuadrilatère
867 1732 70 36 par
963 1731 73 27 une
1053 1722 127 35 armée
1191 1720 134 47 placée
1342 1730 48 26 en
1406 1723 117 32 avant
1536 1715 37 38 dt

591 1775 195 37 Crémone.
808 1774 93 37 Tout
927 1784 47 26 au
990 1771 86 51 plus
1092 1777 251 33 tentera-t-on
1363 1771 35 38 le
1416 1769 103 51 siège
1536 1768 37 39 d(

593 1823 212 41 Peschiera.

642 1878 58 36 On
718 1887 156 36 masque
893 1874 55 39 les
966 1875 127 47 places
1111 1881 38 32 et
1165 1886 47 26 on
1230 1885 46 26 va
1295 1885 47 25 en
1359 1878 127 32 avant.

641 1928 102 37 Vous
762 1929 142 36 m'avez
922 1925 55 39 dit
1005 1925 47 39 de
1069 1937 48 26 ne
1133 1936 69 38 pas
1220 1925 147 37 reculer
1389 1922 140 38 devant
1547 1921 26 36 lf

595 1979 129 37 vérité.
743 1979 57 36 Eh
818 1977 108 38 bien!
946 1976 181 49 puisqu'il
1146 1976 80 36 faut
1240 1974 82 37 dire
1338 1974 35 36 la
1392 1974 133 36 vérité.
1543 1972 30 45 je

591 2031 97 36 crois
703 2040 74 37 que
797 2029 53 35 les
867 2027 153 37 Italiens
1035 2038 47 25 ne
1100 2030 167 44 peuvent
1283 2025 85 49 plus
1385 2023 188 49 beaucc-j:

592 2080 104 37 aider
711 2080 54 35 les
781 2079 212 36 Prussiens.
1011 2078 42 36 Je
1069 2078 98 37 crois
1186 2088 74 38 que
1278 2076 34 37 la
1332 2075 174 50 question
1532 2085 41 25 v?

588 2135 78 33 être
685 2128 153 39 décidée
855 2130 89 48 près
974 2128 47 38 de
1038 2128 148 38 Vienne
1214 2140 46 25 ou
1289 2138 88 30 sous
1396 2127 53 37 les
1477 2134 96 29 murs

588 2182 46 41 de
654 2181 144 37 Vienne
813 2188 114 30 avant
944 2192 74 38 que
1037 2179 83 39 leur
1137 2180 123 37 action
1281 2180 128 49 puisse
1425 2189 40 27 se
1483 2177 90 38 faire

589 2232 129 38 sentir.

639 2286 57 34 On
717 2282 168 38 délibère
903 2289 81 43 trop
1000 2293 47 26 en
1067 2283 117 37 Italie.

638 2336 55 37 On
716 2334 118 37 hésite
848 2332 142 39 devant
1003 2333 55 37 les
1073 2344 156 37 moyens
1254 2332 245 44 nécessaires,
1519 2329 54 37 in-

589 2385 259 49 elispensable.;
879 2395 96 38 pour
1006 2383 163 38 achever
1212 2383 267 49 l'équipement
1512 2379 61 38 dé?

590 2436 240 47 volontaires,
843 2447 96 37 pour
954 2434 87 37 finir
1062 2435 215 36 l'armement
1277 2435 79 36 de
1372 2433 35 37 la
1426 2432 101 38 Hotte
1543 2438 30 30 el

588 2497 151 28 assurer
756 2486 53 37 les
828 2485 417 49 approvisionnements
1261 2483 46 38 de
1327 2484 164 37 t'armée.

636 2540 48 35 La
703 2538 259 46 conséquence
979 2547 83 27 sera
1091 2548 75 37 que
1185 2536 31 37 la
1248 2535 152 38 bataille
1435 2536 64 47 qui
1533 2544 40 26 vc

587 2588 152 40 décider
756 2589 192 49 peut-{'\tre
966 2587 51 38 du
1034 2596 76 33 sort
1125 2586 47 39 de
1203 2587 246 46 l'Allemagne
1467 2591 38 31 et
1532 2583 41 39 de

587 2640 24 38 r
611 2640 110 38 illllie
755 2651 81 25 sera
853 2638 119 38 livrée
990 2650 88 34 sans
1111 2650 73 39 que
1211 2638 34 38 le
1262 2637 189 39 maréchal
1480 2636 93 38 Cial-

587 2691 78 38 d.ni
685 2692 129 49 puisse
831 2703 24 38 y
872 2696 179 45 apporter
1067 2702 49 26 un
1146 2690 176 37 élément,
1357 2689 66 51 qui
1456 2688 117 37 aurait

585 2746 57 34 été
658 2741 146 38 décisif.

634 2794 49 36 Le
698 2791 187 38 maréchal
904 2790 160 38 Cialdini
1083 2796 56 33 est
1151 2804 48 26 ou
1218 2803 45 26 va
1282 2792 79 37 être
1380 2793 19 35 à
1414 2789 159 38 Padoue.

634 2843 99 38 C'est
749 2841 47 38 de
822 2840 146 39 Padoue
986 2853 74 38 que
1089 2842 74 39 l'on
1177 2854 60 37 va,
1258 2842 90 38 d'un
1366 2843 80 36 côté
1464 2843 19 35 à
1502 2841 71 37 Vé-

588 2906 87 26 rone
707 2904 69 39 par
805 2893 84 37 voie
920 2892 132 50 rapide
1069 2922 8 20 ,
1097 2892 91 39 d'un
1206 2899 107 32 autre
1339 2894 97 46 côté,
1454 2903 70 39 par
1542 2890 31 38 le

587 2949 120 34 même
736 2955 149 38 moyen,
908 2945 20 35 il
948 2943 155 50 Rovigo,
1122 2949 38 33 et
1182 2944 115 49 enfin,
1318 2943 51 39 du
1389 2943 184 38 troisième

586 3004 37 29 et
638 2996 152 39 dernier
809 2998 95 42 côté,
935 2995 166 49 toujours
1119 3007 68 37 par
1219 2995 151 38 chemin
1392 2994 47 38 de
1458 2993 71 49 fer,
1556 2996 17 35 à

584 3048 145 37 Trieste
744 3052 37 32 et
798 3048 22 35 à
839 3046 150 38 Venise.
1009 3047 98 37 C'est
1124 3050 21 33 à
1164 3047 162 50 quelque
1344 3045 170 38 distance
1530 3043 43 39 de

585 3098 146 38 Padoue
751 3097 78 51 (sur
848 3097 34 36 la
901 3096 98 49 ligne
1019 3096 47 39 de
1085 3097 161 49 Vérone,
1261 3096 165 49 Padoue,
1448 3097 125 37 Tries-

583 3156 37 29 te
637 3160 36 26 et
693 3147 157 50 Vienne)
868 3150 20 34 à
904 3148 150 49 Mestre,
1074 3149 117 48 qu'un
1207 3155 107 31 court
1328 3147 245 39 embranche-

587 3205 99 31 ment
706 3210 45 26 va
770 3200 22 36 à
806 3198 152 38 Venise.

634 3251 25 37 A
679 3248 161 50 Padoue,
859 3250 33 36 le
919 3248 187 39 maréchal
1124 3249 162 39 Cialdini
1298 3255 57 33 est
1365 3248 96 40 donc
1479 3252 94 35 maî-

588 3310 68 40 tre,
676 3302 98 36 ainsi
792 3311 74 40 que
883 3311 95 27 nous
1008 3300 144 38 l'avons
1186 3300 85 49 déjà
1300 3300 56 38 dit
1384 3301 189 50 plusieurs

585 3352 85 46 fois,
687 3351 47 38 de
750 3357 80 32 tout
845 3351 34 37 le
897 3356 133 33 réseau
1048 3351 98 38 ferré
1162 3351 51 39 du
1233 3352 189 38 Vénitien.

632 3403 54 37 De
719 3402 167 49 Padoue,
913 3402 47 37 où
976 3402 75 38 l'on
1072 3404 94 36 tient
1189 3402 33 38 la
1258 3403 315 39 communication

584 3465 65 36 par
664 3454 82 36 voie
764 3452 146 50 rapide,
926 3453 34 37 le
976 3453 189 38 maréchal
1183 3453 176 49 Cialdini,
1374 3466 47 25 en
1438 3454 135 38 faisant

584 3515 160 39 occuper
761 3504 31 38 à
792 3504 143 38 l'ouest
968 3503 161 38 Vicence
1161 3510 38 31 et
1226 3516 48 26 au
1292 3504 95 39 nord
1402 3506 169 49 Trévise,

582 3567 82 26 sera
684 3558 131 34 maître
833 3554 47 38 de
913 3560 119 33 toutes
1064 3555 56 38 les
1154 3557 338 38 communications
1513 3555 55 39 di-

586 3617 117 27 l'rctes
720 3605 51 38 du
802 3606 174 38 Vénitien
1010 3617 92 28 avec
1137 3607 245 48 l'Allemagne
1415 3620 71 36 par
1518 3608 54 37 les

589 3662 123 33 roules
729 3655 223 40 ordinaires.

633 3709 46 36 Le
692 3706 253 51 quadrilatère
964 3719 47 26 ne
1028 3719 138 39 pourra
1184 3707 96 40 donc
1299 3709 86 50 plus
1403 3721 169 27 commu-

585 3760 132 48 niquer
734 3770 92 26 avec
844 3759 207 37 l'Autriche
1067 3771 73 37 que
1155 3770 70 39 par
1242 3760 34 38 le
1294 3762 124 48 Tyrol.

631 3812 139 35 Autant
783 3810 112 49 qu'on
912 3815 90 44 peut
1011 3810 111 49 juger
1139 3811 48 37 de
1222 3811 35 38 la
1292 3812 180 38 situation
1506 3823 66 27 ac-

584 3861 126 46 tuelle,
730 3861 27 36 il
773 3861 191 50 paraîtrait
964 3861 87 50 que
1070 3862 55 36 les
1143 3862 241 39 Autrichiens
1400 3869 64 32 ont
1481 3866 91 35 éva-

581 3914 69 35 cué
670 3911 34 37 le
719 3912 188 48 Vénitien,
923 3912 64 49 n'y
1006 3912 157 37 laissant
1177 3924 75 38 que
1266 3912 68 38 des
1369 3915 197 48 garnisons

582 3961 96 39 dans
697 3961 54 38 les
767 3968 132 44 quatre
916 3962 126 50 places
1060 3962 50 38 du
1123 3962 255 51 quadrilatère
1397 3971 37 31 et
1453 3966 21 36 à
1498 3966 72 37 Ve-

583 4014 95 46 nise,
695 4013 97 37 mais
812 4013 45 37 ils
875 4014 233 47 continuent,
1129 4015 259 49 paraitrait-il,
1403 4018 21 36 à
1458 4027 113 27 occu-

582 4074 66 38 j>er
669 4065 33 35 le
722 4063 128 51 Tyrol,
868 4065 31 37 si
919 4063 190 39 favorable
1125 4066 19 36 à
1162 4076 73 26 une
1269 4078 137 38 guerre
1437 4066 133 39 défen-

581 4116 94 35 sive.

631 4165 98 38 C'est
747 4163 95 39 donc
861 4164 36 38 la
914 4165 163 49 position
1094 4165 47 38 de
1169 4167 109 48 1848,
1298 4168 53 37 les
1370 4170 199 37 Prussiens

583 4222 126 33 tenant
728 4215 33 38 la
780 4217 105 48 place
911 4215 67 38 des
999 4216 194 50 Hongrois,
1204 4220 95 36 mais
1329 4219 136 39 Venise
1487 4232 83 25 res-

581 4273 78 31 tant
677 4278 71 26 aux
766 4267 121 37 mains
906 4265 66 39 des
990 4267 255 39 Autrichiens.
1281 4269 153 40 Comme
1463 4282 106 27 com-

580 4318 194 48 pensation
792 4319 21 35 h
834 4317 32 37 la
884 4319 309 48 non-possession
1211 4319 46 38 de
1274 4320 152 49 Venise,
1447 4321 23 37 il
1490 4321 79 38 faut

581 4368 80 37 dire
680 4379 72 39 que
768 4368 54 37 les
842 4367 152 38 Italiens
1010 4375 66 32 ont
1091 4381 74 26 une
1189 4374 125 34 armée
1346 4373 130 37 mieux
1505 4385 59 25 or-

583 4421 150 43 ganisée
748 4420 111 48 qu'en
879 4419 109 37 1818.

632 4471 98 35 Nous
744 4481 115 26 avons
873 4468 54 39 dit
939 4480 73 39 que
1027 4470 55 38 les
1097 4470 151 40 Italiens
1266 4474 301 37 étaientmaîtres

581 4534 16 21 ;s
616 4520 147 38 Padoue
780 4519 46 38 de
846 4527 75 31 tout
941 4520 33 37 le
992 4523 131 36 réseau
1141 4520 68 39 des
1235 4523 170 38 chemins
1436 4525 47 37 de
1511 4525 57 37 fer

579 4571 50 36 du
650 4571 192 41 Vénitien;
865 4582 74 39 que
957 4572 162 38 Vicence
1136 4584 37 26 et
1187 4574 154 38 Trévise
1369 4579 196 42 occupées,

581 4623 44 36 ils
645 4622 164 36 tenaient
828 4628 118 31 toutes
963 4623 53 36 les
1032 4625 334 37 communications
1379 4625 52 38 du
1449 4627 118 37 Véni-

580 4673 73 36 tien
673 4683 69 38 par
758 4672 81 36 voie
856 4671 141 39 directe
1030 4673 189 38 ordinaire
1245 4687 92 25 avec
1372 4676 195 38 l'Allema-

579 4734 84 37 gne::
685 4724 21 35 il
727 4724 189 45 convient,
931 4725 20 35 à
969 4724 221 45 présent,de
1206 4726 80 36 voir
1304 4726 81 38 s'ils
1401 4736 165 37 peuvent

579 4785 38 25 :il'
637 4773 121 36 servir
772 4771 67 39 des
869 4774 101 37 voies
1002 4774 150 47 rapides
1184 4775 50 38 du
1270 4776 174 39 Vénitien
1472 4790 94 35 pour

583 4824 100 35 leurs
703 4824 223 48 opérations.

630 4874 39 36 Je
687 4874 85 46 pu;:)
787 4873 46 40 (If
849 4875 95 36 suite
961 4875 184 48 répondre
1171 4888 69 37 par
1256 4890 50 25 un
1324 4890 74 26 non
1416 4879 146 38 absolu.

631 4925 65 35 Les
713 4924 254 49 Àuliichiens,
988 4938 44 24 en
1066 4938 39 26 se
1121 4929 177 36 retirant,
1320 4935 64 31 ont
1414 4931 149 36 anéanti

579 4982 117 29 lotîtes
715 4974 53 37 les
779 4975 229 44 possibilités
1020 4975 89 39 d'un
1123 4979 136 44 emploi
1273 4979 67 38 des
1356 4981 119 43 lignes
1490 4980 77 37 fer-

579 5027 80 34 rées
691 5023 48 39 du
786 5024 528 43 Sud-Autrichi"n-Lombnrd
1344 5029 95 39 dans
1470 5037 95 31 cette

579 5075 116 46 partie
722 5075 46 36 de
784 5075 144 38 l'Italie.
950 5077 49 37 Ce
1015 5078 95 36 n'est
1126 5089 69 37 pas
1215 5079 32 37 là
1268 5091 73 26 une
1357 5080 67 37 des
1443 5082 118 37 moin-

577 5126 86 36 dres
683 5124 191 39 barbaries
891 5126 46 37 de
959 5126 34 37 la
1011 5139 134 36 guerre
1159 5141 74 36 que
1248 5130 48 37 de
1311 5132 82 36 voir
1411 5143 62 26 ces
1488 5138 75 31 tra-

581 5189 10 22 \
604 5186 74 26 aux
692 5177 30 35 si
743 5175 109 38 utiles
870 5179 183 36 ap-é.,tiitis,
1069 5190 163 38 presque
1250 5179 171 40 détruits.

630 5226 27 36 Il
676 5226 120 37 fallait
810 5227 264 49 empèchedes
1094 5230 153 37 Italiens
1263 5230 47 37 de
1327 5233 79 36 s'en
1425 5235 136 41 servir;

580 5278 29 34 il.
624 5277 62 47 n'y
703 5287 18 25 a
741 5277 85 47 plus
843 5276 45 38 de
903 5284 125 43 ponts,
1047 5291 96 33 pour
1166 5281 97 37 ainsi
1281 5282 95 44 dire,
1397 5289 37 31 et
1449 5292 117 37 quant

579 5338 47 25 an
646 5327 183 48 matériel,
849 5328 21 36 il
891 5340 22 24 a
931 5329 170 49 disparu.

626 5378 102 35 Dans
745 5377 185 38 l'examen
947 5378 67 38 des
1031 5380 164 37 chances
1213 5381 221 41 ultérieures
1461 5385 47 38 de
1527 5385 33 38 la

569 5438 226 38 ?campagne,
816 5428 25 37 il
860 5429 80 36 faut
964 5429 115 43 donc,
1096 5429 47 38 de
1170 5442 42 25 ce
1238 5435 92 41 côté,
1350 5436 210 43 supprimer

579 5491 91 36 jK)tir
689 5478 32 37 le
741 5484 164 32 moment
924 5479 35 37 le
984 5480 77 36 rôle
1089 5479 66 38 des
1183 5482 169 39 chemins
1369 5485 47 37 de
1442 5486 56 37 fer
1528 5493 33 31 et

578 5529 231 37 <)'e.\aminor
828 5529 33 36 la
893 5531 174 46 question
1090 5533 109 47 qu'au
1221 5535 101 45 point
1340 5535 47 37 de
1409 5548 70 25 vue
1498 5535 65 39 des

581 5585 123 32 routes
722 5579 221 37 ordinaires.

627 5631 40 35 Je
688 5640 59 25 me
764 5640 148 26 résume

630 5681 40 36 1"
690 5679 115 44 Quels
824 5685 81 32 sont
922 5680 53 37 les
991 5687 122 33 routes
1134 5695 73 31 que
1226 5683 53 39 les
1305 5686 151 38 Italiens
1471 5699 95 32 peu-

584 5737 87 29 vent
687 5730 128 35 suivre
830 5741 93 37 pour
939 5731 93 38 aller
1046 5734 19 35 à
1083 5734 174 36 Vienne?

629 5782 39 34 2"
688 5779 113 45 Quels
820 5780 179 39 obstacles
1013 5784 235 47 peuvent-ils
1269 5794 215 31 rencontrer
1502 5801 63 25 sur

581 5841 63 25 ces
664 5835 119 31 routes
797 5831 17 36 ?

633 5882 38 34 3°
700 5881 97 43 Quel
820 5886 121 44 temps
968 5882 202 48 minimun,
1201 5888 121 34 même
1354 5899 47 26 en
1430 5889 135 38 dehors

581 5928 45 39 de
649 5939 72 29 lo'ii
737 5932 182 47 ,.t.:jt;:lclc,
935 5932 81 36 leur
1032 5931 126 39 faut-il
1179 5945 94 34 pour
1291 5938 158 44 pouvoir
1472 5940 93 37 lIon-

585 5993 62 24 iKi-
668 5981 28 35 la
718 5982 101 36 main
836 5993 74 25 aux
929 5982 196 38 Prussiens
1142 5985 18 35 '?
1195 5986 161 37 Peuvent
1383 5989 45 36 ils
1447 5994 119 33 même

577 6047 17 24 s
608 6031 147 38 Houiler
776 6033 51 34 ies
843 6032 227 36 Prussiens?

633 6089 32 34 1"
696 6086 91 45 Quel
807 6094 57 28 est
882 6086 33 36 le
929 6086 130 37 chiftre
1077 6087 66 39 des
1157 6090 118 39 forces
1302 6094 111 44 qu'ils
1439 6107 113 31 pour-

582 6139 119 35 raient
718 6147 151 25 amener
888 6138 18 35 à
924 6137 175 39 Vic'Ine?

629 6194 54 35 En
702 6198 148 41 parlant
879 6191 50 38 du
957 6194 101 47 point
1075 6199 164 35 extrême
1255 6197 47 38 de
1324 6199 34 36 la
1384 6200 182 39 frontière

582 6242 188 37 lombarde
789 6249 35 29 et
842 6254 44 25 en
907 6244 207 48 rejoignant
1128 6245 46 37 de
1191 6259 43 24 ce
1264 6250 104 46 point
1395 6251 149 39 Padoue

579 6300 131 40 quatre
729 6299 121 29 routes
866 6294 208 38 ordinaires
1091 6296 227 48 principales
1335 6301 225 40 conduisent

584 6343 144 35 u'i.alie
744 6354 45 24 en
814 6342 223 50 Allemagne.

638 6395 42 33 Lu
703 6399 104 29 route
823 6404 66 37 par
908 6395 142 36 Burmio
1065 6402 56 30 est
1140 6396 36 37 le
1194 6397 154 39 Slelvio.

632 6448 89 35 Mais
755 6460 93 25 nous
886 6449 139 37 t'avors
1058 6450 83 44 déjà
1174 6451 67 38 fait
1266 6464 232 35 remarquer,
1531 6458 33 36 le

581 6509 153 36 passage
759 6497 49 37 du
834 6499 139 37 Stelvio
1007 6507 57 29 est
1083 6501 34 36 le
1135 6513 156 35 passage
1306 6503 34 36 le
1355 6505 208 46 plusiélevé

580 6550 62 33 des
664 6549 122 47 A)pes.
811 6549 269 37 Actuellement
1097 6562 46 25 on
1161 6563 23 37 y
1215 6558 130 31 trouve
1365 6566 132 27 encore
1516 6557 47 37 de

585 6602 28 30 t.t
647 6600 115 44 t\t.:t::e,
796 6600 72 35 Son
893 6599 156 36 altitude
1073 6602 18 35 à
1125 6612 67 25 son
1218 6602 106 47 point
1355 6605 209 39 culminant

582 6653 54 29 est
654 6649 45 34 de
719 6649 107 44 ï',87D
848 6650 147 35 mètres.
1017 6650 58 36 OD.
1094 6652 75 36 voit
1188 6652 90 47 qu'il
1297 6652 77 38 doit
1392 6658 78 34 être
1488 6656 75 37 dif-

584 6697 108 35 iicile.
714 6701 118 32 même
848 6709 86 25 sans
961 6700 111 47 qu'on
1089 6711 22 36 y
1128 6706 196 32 rencontre
1340 6702 88 39 delà
1447 6707 115 36 résis-

585 6758 119 34 iHm't',
735 6746 59 48 d'y
815 6747 90 36 faire
935 6760 127 35 passer
1088 6761 74 25 une
1189 6754 138 43 armée,
1358 6759 36 31 et
1424 6767 46 25 on
1490 6758 71 36 sait

584 6808 71 37 que
674 6795 51 37 les
744 6796 235 38 Autrichiens
1008 6799 88 37 l'ont
1113 6803 139 44 occupé
1276 6801 209 40 fortement.
1506 6808 55 35 En

582 6846 208 36 dé.vuisant
807 6845 96 36 deux
930 6858 46 25 ou
1008 6849 89 36 trois
1114 6855 110 40 ponts
1244 6856 36 31 et
1303 6863 73 26 une
1400 6865 46 25 ou
1462 6854 100 38 deux

584 6896 172 45 galeries,
777 6893 44 37 ils
848 6895 32 35 le
901 6896 212 39 rendraient
1140 6899 274 40 inabordables.
1432 6905 127 42 Enfin,

585 6947 21 33 ii
638 6950 58 31 est
728 6950 80 38 trop
837 6946 17 34 à
888 6945 140 45 l'ouest,
1048 6954 37 29 et
1100 6959 43 25 ce
1176 6950 96 37 n'est
1288 6961 67 34 pas
1382 6963 47 25 en
1446 6954 116 35 allant

579 7005 163 38 presque
757 6993 38 36 et-.-
808 7004 43 24 ns
869 6993 31 35 le
916 6994 197 49 Voralberg
1128 7009 72 34 que
1213 6999 54 37 les
1284 7000 151 38 Italiens
1446 7012 117 31 pour-

585 7046 117 34 raient
735 7041 185 49 rejoindre
952 7055 84 25 sous
1066 7046 54 35 les
1155 7059 103 27 murs
1276 7048 46 38 de
1340 7050 146 39 Vienne
1504 7054 55 37 les

588 7094 207 36 Prussiehs.
817 7093 93 35 Tout
927 7103 43 26 au
1003 7093 85 45 plus
1108 7096 201 40 iraient-ils
1326 7111 69 32 par
1410 7101 34 37 le
1464 7103 98 37 Stel-

567 7162 8 7 -
585 7144 57 36 v!o
658 7147 18 31 h
695 7142 163 37 Munich.

634 7200 44 34 Le
695 7197 140 38 Stelvio
856 7208 44 25 ne
918 7203 87 42 peut
1022 7196 95 41 donc
1131 7200 107 45 jouer
1256 7204 116 43 qu'un
1390 7205 76 38 rôle
1490 7207 72 39 fort

581 7264 17 19 s
614 7246 195 38 'eùndiiirr.

631 7304 36 35 Si
688 7302 48 36 du
764 7303 137 36 Stelvio
927 7312 95 26 nous
1049 7313 155 30 passons
1222 7307 21 35 à
1268 7308 181 44 Brenner,
1467 7324 93 20 nous

584 7358 239 30 rencontrons
841 7352 164 37 d'autres
1023 7351 213 39 difficultés.

631 7408 66 34 Les
715 7407 236 38 Autrichiens
969 7414 63 30 ont
1054 7407 165 48 toujours
1240 7421 60 35 eu,
1320 7417 35 31 et
1373 7425 91 26 avec
1483 7418 79 35 rai-

583 7467 80 34 son,
696 7456 31 35 le
757 7458 285 46 pressentiment
1071 7457 47 38 de
1152 7458 101 38 leurs
1286 7459 202 42 difficultés
1514 7477 47 25 en

585 7505 103 37 Jta!ie:
744 7505 45 35 ils
809 7506 183 37 n'avaient
1006 7517 67 33 pas
1098 7507 124 38 oublié
1240 7508 35 37 la
1294 7520 205 35 campagne
1516 7514 47 37 de

592 7556 103 42 I809,
715 7560 35 29 et
770 7553 43 37 ils
837 7555 146 36 avaient
1000 7567 49 25 vu
1068 7569 86 34 que,
1180 7558 142 47 malgré
1348 7559 216 39 l'insurrec-

587 7606 73 34 tion
678 7604 220 47 tyrolienne,
919 7615 44 24 on
986 7607 148 44 pouvait
1150 7606 165 39 franchir
1329 7609 34 36 le
1382 7611 188 37 Brenner.-

588 7655 106 35 At-st
721 7653 44 35 Ils
864 7659 84 30 sont
975 7656 298 48 précautionnés,
1292 7664 37 32 et
1346 7660 46 36 ils
1409 7668 63 29 ont
1499 7662 65 36 fait

585 7703 220 42 {'IIT.:',lrnirt';
823 7702 46 37 de
885 7702 91 38 1833
994 7714 18 24 n
1035 7704 108 36 j838.
1160 7706 18 34 à
1196 7705 302 48 Franzensveste,
1513 7723 50 21 un

586 7753 69 34 fort
682 7751 338 48 trè,-,-respectable.
1042 7753 48 35 Ce
1112 7752 84 48 furt;
1224 7764 160 36 presque
1404 7760 160 42 inexpu-

586 7803 144 45 guai.ki.
764 7800 272 50 inexpugnable
1062 7804 144 45 môme,.
1226 7814 115 36 coupe
1367 7807 36 36 la
1421 7809 141 42 grande

587 7861 100 28 jvn.ue
707 7849 44 35 de
778 7851 139 35 Vérone
936 7852 19 34 ii
976 7850 222 42 Innsbruch,
1218 7861 104 29 entre
1341 7852 168 48 Sterling
1527 7865 35 25 et

587 7900 57 34 Bri
655 7909 81 24 ven.
773 7899 44 35 La
844 7900 199 37 forteresse
1065 7899 136 37 défend
1226 7901 152 40 l'entrée
1395 7904 50 38 du
1469 7908 93 36 Pus-

587 7947 52 38 t")
639 7947 80 38 .ha)
743 7954 36 28 et
796 7954 142 31 surtout
958 7948 36 37 le
1020 7949 108 48 Tyro!
1147 7950 198 39 a!k-mand.
1375 7954 98 38 C'est
1489 7968 73 26 une

590 7998 194 35 sentinelle
804 7997 172 47 vig'lanle
993 8010 6 28 ;
1031 8000 69 34 eiie
1129 8009 46 26 ne
1199 8007 142 37 permet
1365 8013 67 34 pas
1450 8006 20 35 à
1489 8017 72 26 une

588 8058 50 25 an
659 8048 52 33 iéc
729 8045 45 35 de
793 8056 128 33 passer
943 8058 66 31 par
1037 8048 35 36 le
1103 8048 166 38 nrenner
1299 8062 87 27 sans
1416 8064 39 25 sa
1474 8065 89 30 per-

588 8094 165 38 mij.sion.

636 8145 55 34 Du
711 8148 110 40 ,'¡>:"le,
840 8143 33 35 le
890 8144 176 46 Brenner,
1079 8147 161 46 quoique
1258 8149 120 37 moins
1393 8152 21 34 à
1434 8150 129 39 l'ouest

589 8204 69 34 que
676 8193 30 35 le
726 8192 154 36 bieivio.
898 8203 46 24 ne
960 8200 88 40 peut
1063 8197 120 35 servir
1200 8198 21 35 à
1237 8209 72 25 une
1326 8200 149 37 marche
1492 8211 66 27 sur

593 8239 148 38 Tienne.

641 8290 42 33 L(,
712 8291 160 35 brenner
890 8301 59 26 n'a
975 8290 133 47 jamais
1125 8296 98 34 servi
1241 8296 87 41 qu'il
1346 8294 65 39 des
1430 8301 132 37 opéra-

589 8337 96 34 Vons
701 8339 242 37 sn;ondalres.

646 8384 62 34 Les
728 8389 213 41 précédents
957 8395 83 30 sont
1054 8390 48 37 IÜ,

643 8431 44 33 Lv
705 8437 124 33 maître
846 8438 93 37 dans
966 8439 80 35 l'art
1063 8440 45 36 de
1126 8439 33 36 la
1178 8451 146 27 guerre,
1342 8442 33 36 le
1408 8445 153 35 général

599 8479 178 45 Bonaparie.
777 8479 33 45 (
823 8495 17 23 a
861 8488 144 35 marché
1022 8488 34 36 le
1072 8489 164 38 premier
1246 8500 64 26 sur
1321 8490 157 37 Vienne,
1496 8505 67 22 ve-

603 8533 87 27 nant
706 8526 22 34 d

648 8575 24 35 il
692 8585 16 22 :i
731 8575 90 35 ir.OK
837 8581 43 32 ué
896 8580 49 36 les
970 8586 164 36 chemins
1164 8587 109 38 qu'on
1293 8592 87 33 peut
1398 8589 163 36 prendre

597 8633 91 37 p-tur
707 8633 21 37 y
745 8624 156 36 arri.-er.

648 8675 164 31 -'';1Si>èna
845 8682 45 25 en
910 8675 108 47 1805,
1035 8680 32 35 le
1089 8684 126 39 prince
1230 8685 151 38 Eugène
1397 8697 46 26 en
1464 8687 95 36 1809

598 8730 22 22 n
626 8722 7 9 ,
637 8725 62 28 ont
716 8730 49 35 pu
783 8727 211 41 qu'essayer
1011 8724 44 35 de
1074 8728 31 34 le
1120 8733 136 36 suivre.

649 8778 46 24 Le
713 8764 181 39 maréchal
911 8769 156 38 Cialdini
1097 8785 145 31 connaît
1258 8781 94 38 elonc
1375 8783 35 36 la
1440 8791 118 30 route.

646 8821 91 38 Mais
755 8823 214 44 pouna-t-il
1001 8823 34 36 la
1069 8829 122 36 suivre
1208 8834 12 33 ?
1253 8836 208 36 L'imprévu
1495 8839 65 33 qui

597 8870 149 37 domine
764 8879 20 26 a
804 8870 31 35 la
853 8881 143 38 guerre,
1026 8873 52 35 les
1105 8876 249 44 événements,
1374 8887 113 32 enfin.
1507 8889 53 30 lui

596 8930 46 29 el
664 8919 258 38 laisseront-Us
939 8919 35 37 le
987 8922 145 45 temps!

1762 561 25 27 i'
2045 562 72 12 i--a
2254 570 23 5 -
2296 569 30 5 --
2342 556 27 17 ?*
2447 562 51 24 m-
2513 562 79 24 -i---1
2611 557 7 6 '

1624 601 75 27 une
1716 590 154 38 victoin-
1893 601 49 32 ou
1955 601 79 26 une
2049 588 139 39 défaite
2212 587 70 40 des
2296 629 10 4 .-
2316 588 214 38 Prussiens.
2564 588 61 38 On

1624 647 91 45 peut
1729 644 129 47 parler
1875 642 114 38 d'une
2006 640 139 39 défaite
2176 639 70 39 des
2266 640 106 37 Prus?
2386 640 80 37 ieris
2488 652 7 24 :
2518 638 106 38 l'Au-

1624 692 122 42 triche
1765 704 175 28 retrouve
1954 692 169 49 toujours
2151 690 48 40 de
2230 691 38 38 la
2302 692 161 50 vigueur
2495 690 131 50 quand

1626 745 74 39 elle
1716 751 60 32 est
1792 744 153 39 acculée
1962 753 52 27 au
2031 741 174 41 Danube.

1677 796 57 38 En
1756 793 114 51 1797,
1891 790 145 55 quand,
2056 795 111 49 après
2186 794 108 38 avoir
2309 792 161 51 conquis
2488 790 136 40 l'Italie

1626 853 39 32 et
1681 847 117 40 défait
1811 846 337 48 successivement,
2160 856 94 27 avec
2269 846 141 47 55,000
2430 843 192 50 Français,

1627 899 87 48 plus
1732 898 47 38 de
1798 898 164 47 200,000
1980 896 259 46 Autrichiens,
2268 896 35 37 le
2332 895 153 51 général
2501 896 124 36 Bona-

1626 957 105 40 parte
1748 960 140 36 songea
1904 951 21 35 à
1944 947 174 39 marcher
2132 959 67 26 sur
2224 947 162 49 Vienne,
2409 947 25 37 il
2452 945 172 50 négligea

1629 1006 33 34 le
1679 995 158 53 Stelvio,
1856 1012 146 26 comme
2023 1002 32 35 le
2073 1000 169 37 Brenner
2257 1011 8 35 ;
2294 998 25 38 il
2338 998 144 50 dirigea
2502 1008 70 38 par
2590 996 34 38 le

1627 1052 113 49 Tyrol
1774 1052 130 38 italien
1934 1063 37 26 et
2003 1051 33 37 la
2070 1050 122 37 vallée
2226 1049 48 38 de
2294 1048 149 46 l'Adige
2468 1048 158 39 Joubert

1624 1104 151 48 jusqu'à
1795 1103 152 37 Brixen.
1967 1101 138 39 Arrivé,
2124 1103 20 36 à
2164 1101 155 47 Brixcn,
2338 1101 157 37 Joubert
2507 1099 79 50 prit
2602 1101 24 37 à

1625 1154 135 41 droite,
1778 1166 40 26 se
1829 1159 218 33 contentant
2062 1152 118 40 d'être
2197 1154 134 35 maître
2349 1151 52 38 du
2419 1151 111 44 Tyrol
2551 1152 74 36 ita-

1629 1206 88 47 lien,
1732 1211 38 31 et
1788 1204 26 39 ii
1829 1216 41 27 se
1885 1204 159 50 dirigea,
2064 1205 20 36 à
2101 1210 149 31 travers
2266 1202 36 38 le
2320 1193 306 50 Pusterihahsur

1626 1256 163 49 Villach,
1811 1267 95 38 pour
1939 1268 17 24 v
1980 1254 188 50 rejoindre
2187 1256 185 45 Masséna,
2402 1253 65 50 qui
2484 1266 24 37 y
2527 1253 96 37 arri-

1627 1309 74 37 vait
1733 1307 51 38 du
1821 1307 187 42 Vénitien,
2035 1317 70 39 par
2126 1306 33 37 le
2193 1305 55 38 col
2270 1303 47 40 de
2351 1305 146 37 Tarvis.
2525 1304 100 36 Tous

1625 1359 100 38 deux
1744 1358 144 37 réunis,
1909 1358 48 37 ils
1973 1356 216 38 donnèrent
2216 1356 36 37 la
2270 1356 102 37 main
2401 1367 49 25 au
2469 1354 155 51 général

1625 1411 209 47 Bonaparte
1849 1419 20 27 a
1889 1408 235 48 Klagenfurt.
2152 1408 99 38 C'est
2270 1409 21 35 à
2309 1407 224 49 Klagenfurt
2550 1417 74 38 que

1627 1461 31 37 la
1676 1460 142 49 grande
1836 1467 107 31 route
1977 1458 276 49 d'Allemagne,
2273 1464 153 42 partant
2456 1456 47 40 de
2532 1457 93 37 Tré-

1625 1513 81 37 vise
1724 1517 36 32 et
1774 1516 156 45 passant
1951 1521 71 40 par
2041 1510 54 38 les
2113 1509 148 51 phines
2277 1507 52 39 du
2357 1509 192 47 Vénitien,
2567 1512 58 33 est

1625 1563 159 48 rejointe
1799 1574 70 38 par
1893 1562 56 38 les
1981 1561 100 39 deux
2114 1568 126 31 routes
2271 1559 243 39 secondaires
2549 1571 76 38 que

1627 1616 207 48 Bonaparte
1861 1613 105 40 avait
1992 1612 69 40 fait
2093 1611 182 52 déblayer
2307 1624 68 41 par
2393 1623 61 27 ses
2489 1612 137 37 lieute-

1624 1671 125 34 nants.

1675 1718 97 37 C'est
1790 1715 47 40 de
1855 1716 222 51 Klagenfurt
2091 1728 74 39 que
2184 1716 33 37 le
2233 1715 151 51 général
2416 1715 210 50 Bonaparte

1625 1768 197 51 sedirigea
1842 1770 225 37 surVienne
2080 1780 70 37 par
2165 1768 125 48 Hru('k,
2290 1768 63 48 et
2369 1769 90 36 c'est
2477 1765 89 51 près
2574 1765 52 38 de

1626 1821 139 44 Bruck,
1784 1824 19 32 à
1822 1821 219 49 vingt-cinq
2071 1821 118 35 lieues
2223 1818 49 39 de
2308 1819 159 46 Vienne,
2481 1820 20 35 à
2534 1818 92 36 Leo-

1626 1871 87 47 ben,
1733 1871 93 49 qu'il
1855 1882 107 37 sIgna
1990 1871 53 36 les
2075 1870 282 49 préliminaires
2385 1869 67 48 qui
2485 1868 137 36 mirent

1624 1922 49 37 fin
1690 1933 74 25 aux
1777 1933 154 37 guerres
1941 1920 273 38 continentales
2227 1919 39 38 de
2266 1919 53 38 la
2334 1919 188 49 première
2535 1928 90 26 coa-

1625 1973 118 36 lition.

1671 2023 123 44 Ainsi,
1813 2034 95 26 vous
1924 2021 36 38 le
1977 2033 129 39 voyez,
2122 2022 53 37 les
2191 2027 128 33 routes
2338 2027 84 32 sont
2437 2031 182 27 connue:;.

1674 2074 55 37 En
1747 2074 56 49 s'y
1821 2081 221 43 engageEnt.,
2066 2073 32 38 le
2112 2074 153 50 général
2283 2072 162 40 Cialdini
2466 2072 155 38 laissera

1623 2124 166 39 derrière
1808 2125 52 38 lui
1882 2132 120 32 toutes
2034 2126 55 38 les
2119 2125 129 50 places
2278 2124 51 40 du
2348 2123 273 52 quadrilatère,

1624 2177 81 49 plus
1724 2177 153 38 Venise.

1672 2228 108 47 Mais,
1797 2226 96 40 dans
1928 2234 81 31 tous
2038 2228 55 37 les
2129 2239 78 37 cas,
2228 2227 25 37 il
2272 2239 48 25 ne
2354 2232 91 44 peut
2472 2226 150 48 risquer

1622 2290 65 26 son
1702 2280 193 47 opération
1915 2278 182 38 offensive
2123 2289 104 35 sans,
2245 2284 250 42 auparavant,
2515 2276 108 37 avoir

1621 2329 133 38 chassé
1770 2330 54 37 les
1840 2330 244 37 Autrichiens
2093 2328 51 38 du
2161 2328 113 50 Tyrol
2289 2328 144 37 italien.

1672 2381 57 37 On
1743 2379 57 38 dit
1817 2392 75 38 que
1909 2381 93 36 c'est
2018 2380 156 37 !'<!uaire
2192 2379 46 36 de
2252 2378 209 39 GariJJaldi.

1672 2432 55 36 En
1742 2436 120 41 outre,
1876 2442 67 26 sur
1961 2432 32 35 la
2019 2437 105 31 roule
2149 2429 93 51 qu'il
2267 2437 179 43 parcourt
2464 2429 159 37 lui-mê-

1624 2494 71 36 me,
1713 2482 33 37 le
1764 2482 154 49 général
1950 2481 177 47 Cialdini,
2147 2482 61 38 s'il
2227 2481 153 38 marche
2411 2493 47 24 en
2487 2485 133 43 avant,

1620 2544 85 27 sera
1722 2533 122 50 obligé
1857 2532 46 38 de
1920 2544 179 40 masquer
2116 2533 36 38 la
2169 2532 93 39 forte
2281 2532 108 52 place
2405 2533 48 37 de
2472 2531 151 38 Palma-

1623 2596 109 27 nova.

1671 2637 50 37 La
1736 2636 150 37 cession
1904 2634 47 39 de
1972 2635 36 39 la
2024 2636 158 37 Vénétie
2199 2647 71 38 par
2290 2635 53 38 les
2360 2635 259 48 Autrichiens.

1621 2687 127 38 c'était
1763 2687 165 51 quelque
1939 2687 129 49 chose,
2088 2693 95 32 volis
2202 2689 31 36 le
2251 2698 132 39 voyez.

1670 2739 70 37 Par
1747 2750 96 26 vonn
1863 2741 20 34 à
1906 2738 160 49 Padoue,
2100 2738 170 38 distance
2287 2739 168 47 vérifiée,
2490 2738 31 36 le
2538 2748 83 27 ma-

1623 2789 126 38 réchal
1765 2788 164 40 Cialdini
1948 2795 58 33 est
2021 2792 22 35 à
2061 2791 73 37 220
2152 2790 221 39 kilomètres
2390 2789 48 39 de
2457 2789 158 37 Trieste.

1624 2840 27 37 Il
1670 2852 26 39 y
1712 2851 20 27 a
1753 2841 71 37 440
1842 2841 218 38 kilomètres
2078 2840 47 38 de
2141 2841 143 38 Trieste
2302 2842 23 36 à
2342 2840 162 38 Vienne.
2519 2839 100 38 Vous

1623 2891 32 37 le
1676 2903 128 38 voyez,
1823 2892 31 37 si
1883 2890 76 39 l'on
1975 2892 154 37 marche
2147 2903 66 27 sur
2231 2891 162 48 Vienne,
2411 2903 47 25 en
2476 2901 142 39 suppo-

1620 2948 83 31 sant
1718 2954 74 38 que
1810 2941 75 38 l'on
1895 2943 181 49 n'oppose
2093 2941 48 39 de
2172 2943 207 37 résistance
2396 2941 105 38 nulle
2517 2946 99 45 part,

1618 2993 146 50 chaque
1780 3004 111 39 corps
1921 2992 47 39 de
2003 2993 154 38 l'armée
2176 2994 181 38 italienne
2387 3005 21 26 a
2427 3005 48 26 au
2503 2993 117 37 mini-

1620 3056 103 26 mum
1738 3043 87 52 plus
1846 3046 47 37 de
1913 3046 71 37 600
2003 3045 220 39 kilomètres
2240 3047 20 36 à
2286 3045 213 51 parcourir.
2518 3044 99 39 C'est

1625 3097 66 36 150
1707 3096 132 37 lieues.

1668 3147 58 37 En
1735 3146 191 39 calculant
1941 3159 66 26 sur
2022 3159 75 27 une
2115 3160 189 38 moyenne
2316 3147 47 40 de
2376 3150 21 37 6
2418 3149 118 37 lieues
2548 3157 70 40 par

1615 3196 101 49 jour,
1735 3199 90 38 c'est
1845 3199 48 38 25
1905 3198 108 49 jours
2029 3211 46 27 au
2096 3200 215 38 minimum.

1667 3249 50 37 La
1735 3250 176 50 question
1930 3261 84 27 sera
2034 3250 111 38 vidée
2173 3257 118 32 avant
2308 3250 47 39 25
2382 3250 109 50 jours
2509 3255 107 33 entre

1620 3299 53 39 les
1688 3300 244 39 Autrichiens
1947 3307 38 32 et
2001 3302 55 37 les
2072 3303 214 37 Prussiens.

1669 3352 126 45 Quant
1815 3363 73 26 aux
1907 3352 121 38 forces
2046 3351 93 39 dont
2163 3352 35 38 le
2228 3351 191 39 maréchal
2451 3349 163 41 Cialdirai

1618 3408 90 43 peut
1742 3402 175 51 disposer
1948 3415 97 38 pour
2084 3415 69 26 son
2197 3404 209 49 opération,
2440 3403 38 48 je
2510 3401 99 40 crois

1618 3453 156 51 qu'elles
1789 3466 42 26 se
1848 3460 219 44 composent
2084 3454 47 37 de
2146 3454 84 38 huit
2247 3453 201 40 divisions.

2017 3507 41 36 4e
2074 3516 110 40 corps
2199 3518 8 26 :

1744 3556 65 38 11e
1827 3554 166 41 division
2015 3569 7 26 :
2044 3557 152 49 général
2211 3557 210 38 Casanova.

1742 3608 66 37 128
1885 3629 50 8 ?
2085 3629 50 8 ?
2211 3609 151 37 Ricotti.

1742 3658 65 38 13"
1884 3681 51 8 ?
2086 3680 52 7 ?
2211 3661 233 49 Mezzacapo,

1741 3709 66 38 14°
1884 3731 51 7 ?
2086 3734 51 7 ?
2213 3710 220 39 Chiabrera.

1743 3761 66 38 15°
1885 3784 53 9 ?
2087 3782 52 9 ?
2213 3761 150 39 Medici.

1663 3810 70 38 J'ai
1768 3810 67 39 des
1870 3813 148 37 raisons
2044 3810 47 40 de
2121 3813 123 38 croire
2275 3824 75 37 que
2384 3811 34 38 le
2440 3812 44 38 2°
2501 3820 112 38 corps

1614 3859 164 40 d'armée
1795 3867 79 33 tout
1889 3864 139 48 entier,
2028 3864 158 48 général
2205 3861 246 51 Cucchiari.a
2465 3863 57 37 été
2540 3863 72 36 mis

1614 3918 19 31 à
1653 3912 35 37 la
1708 3911 222 52 disposition
1944 3913 52 39 du
2012 3915 153 49 général
2186 3914 179 39 Cinldini.

1663 3964 80 37 Soit
1765 3977 7 24 :
1797 3966 39 36 4°
1852 3965 181 48 division,
2059 3965 153 48 général
2237 3966 232 38 Nunziante:
2491 3966 41 36 60
2551 3962 60 40 di-

1615 4014 137 49 vision,
1787 4016 152 48 général
1972 4016 161 48 Cosenz;
2161 4017 62 37 -10"
2242 4015 183 50 division,
2455 4014 155 51 général

1614 4064 187 40 Cadorna.

1662 4116 30 37 Il
1710 4122 57 31 est
1786 4115 179 51 probable
1984 4129 75 38 que
2080 4118 32 37 la
2132 4118 87 49 plus
2248 4117 144 49 grande,
2421 4117 123 50 partie
2562 4115 48 40 de

1615 4171 32 33 la
1666 4165 165 40 division
1847 4167 48 38 de
1922 4168 190 38 cavalerie
2136 4168 48 38 de
2213 4173 154 37 réserve
2385 4168 52 39 du
2456 4167 154 51 général

1614 4218 159 38 Maurice
1789 4218 47 39 de
1866 4219 147 38 Sonnaz
2031 4232 21 26 a
2070 4223 59 36 été
2144 4220 120 50 jointe
2285 4222 20 37 à
2324 4232 64 26 ces
2405 4220 82 37 huit
2507 4218 104 39 divi-

1611 4269 120 38 sions:

1614 4336 6 7 .
1658 4319 156 48 Ajoutez
1840 4320 209 39 l'artillerie
2068 4326 38 33 et
2132 4322 56 38 les
2219 4333 113 38 corps
2350 4322 260 49 complémen-

1611 4370 125 49 taires,
1755 4371 34 37 le
1812 4371 191 38 maréchal
2036 4373 163 38 Cialdini
2229 4385 20 26 a
2281 4374 96 38 dans
2405 4374 55 37 les
2485 4374 123 37 mains

1614 4422 159 38 1:20.000
1795 4422 183 39 hommes.

1658 4473 48 36 Le
1728 4473 57 36 1er
1803 4484 37 26 Cli
1858 4474 35 36 le
1918 4475 41 36 32
1976 4485 114 37 corps
2107 4474 167 39 d'armée
2288 4480 196 43 comptent
2501 4477 22 35 8
2543 4474 61 38 di-

1611 4522 78 39 visi
1689 4522 78 39 ns.
1800 4526 71 36 Ces
1888 4524 186 39 divisions
2103 4533 65 30 ont
2184 4526 156 38 souffert
2357 4528 21 36 à
2398 4527 35 36 la
2451 4526 155 37 bataille

1610 4571 46 39 de
1672 4575 194 47 Custozza,
1886 4576 93 37 dont
1996 4576 93 38 elles
2106 4583 65 32 ont
2184 4581 107 45 porté
2307 4577 36 37 le
2360 4576 125 50 poids,
2508 4577 98 37 mais

1612 4625 53 36 les
1681 4624 110 38 vides
1809 4633 63 30 ont
1891 4629 67 43 été,
1969 4628 171 48 remplis.
2175 4629 49 36 Ils
2246 4635 170 41 peuvent
2433 4633 172 33 contenu'

1611 4680 117 32 toutes
1747 4676 54 37 les
1821 4675 218 41 forteresses
2054 4685 38 30 et
2109 4681 123 34 même
2251 4683 56 34 les
2324 4680 175 37 investir.

1656 4726 252 39 Directement
1920 4728 45 41 ijs
1980 4741 48 24 ne
2044 4736 154 30 servent
2210 4731 18 35 à
2248 4730 81 37 rien
2344 4732 20 36 à
2374 4730 226 47 ropération

1608 4786 67 27 sur
1693 4776 157 38 Vienne.
1867 4778 88 38 Seul
1974 4778 210 51 Çaribaldi,
2205 4791 92 26 avec
2316 4791 62 27 ses
2393 4775 138 46 40,000
2551 4792 48 26 ou

1608 4827 138 45 50,000
1764 4828 248 48 volontaires,
2034 4830 51 37 lui
2107 4836 77 31 sert
2198 4829 97 39 dans
2313 4831 33 36 le
2363 4830 127 48 Tyrol,
2509 4831 46 37 où
2575 4831 26 37 il

1608 4876 79 38 faut
1701 4878 90 49 q'l'il
1808 4891 8 23 i
1822 4879 185 49 -cînr,'isse
2023 4880 125 37 beTôle
2160 4880 50 38 de
2227 4880 169 39 Joubert.
2416 4882 59 36 On
2491 4893 21 25 a
2531 4892 70 27 en-

1607 4930 95 44 voyé
1731 4930 20 35 à
1783 4929 84 37 Bari
1886 4931 101 36 deux
2013 4930 201 39 bataillons
2231 4931 47 38 de
2307 4932 229 47 bersagliers
2553 4932 48 37 de

1609 4978 149 37 l'armée
1788 4980 200 46 régulière.
2024 4981 30 37 Il
2071 4993 23 26 a
2112 4981 48 39 de
2181 4982 221 38 i'artilierie.
2432 4983 58 37 On
2522 4982 80 38 doit

1606 5034 167 44 compter
1787 5031 93 48 qu'il
1897 5033 164 35 réussira
2079 5031 96 39 dans
2192 5044 61 26 ses
2271 5033 196 37 nouvelles
2479 5039 123 32 tenta-

1608 5080 92 36 tives
1720 5092 67 25 sur
1807 5083 32 34 le
1856 5082 111 44 Tyrol
1989 5083 144 44 italien,
2160 5095 43 25 ce
2219 5085 64 44 qui
2317 5090 54 31 est
2401 5083 199 48 indispen-

1606 5129 104 38 sable
1739 5142 93 36 pour
1850 5133 150 48 risquer
2014 5144 74 26 une
2105 5133 152 38 marche
2277 5146 66 25 sur
2361 5134 159 38 Vienne.

1656 5180 221 39 Constatons
1911 5183 47 37 de
1990 5195 173 26 nouveau
2197 5196 48 25 en
2277 5185 204 38 terminant
2506 5186 92 47 qu'il

1607 5242 94 26 nous
1717 5235 123 43 paraît
1871 5231 78 39 diff
1994 5234 32 36 le
2050 5247 75 35 que
2159 5235 54 37 les
2244 5235 154 38 Italiens
2426 5237 173 46 puissent

1606 5282 104 36 avoir
1723 5294 73 25 une
1814 5283 186 38 influence
2019 5284 260 39 considérable
2297 5298 67 26 sur
2380 5287 34 36 le
2442 5288 158 37 résultat

1606 5331 46 37 de
1668 5331 33 37 la
1739 5333 91 37 lutte
1845 5335 65 45 qui
1934 5341 57 31 est
2008 5339 163 44 engagée
2203 5342 107 32 entre
2327 5338 56 37 les
2401 5339 198 37 Prussiens

1605 5388 37 31 et
1661 5382 55 38 les
1733 5382 257 40 Autrichiens.

1655 5434 152 36 Comme
1816 5434 38 45 je
1874 5435 107 36 viens
1998 5434 46 38 de
2062 5447 92 26 vous
2171 5437 162 47 l'écrire,
2352 5439 34 36 le
2405 5439 192 38 maréchal

1606 5482 177 50 Cialdini,
1798 5486 57 36 s'il
1874 5487 152 36 marche
2043 5497 65 25 sur
2124 5487 160 48 Vienne,
2303 5490 185 44 arrivera,
2505 5490 38 46 je
2564 5490 35 37 le

1605 5535 140 36 crains,
1766 5536 110 48 après
1895 5536 34 36 la
1953 5537 152 37 victoire
2123 5549 45 25 ou
2190 5538 33 38 la
2240 5538 138 40 défaite
2397 5540 67 38 des
2485 5542 114 37 Prus-

1605 5585 117 39 siens.

1930 5639 100 36 Pour
2048 5639 136 38 extrait
2199 5653 6 24 :

2230 5641 66 38 CH.
2314 5641 219 39 VIRMAITRE.

1620 5778 90 68 LES
1758 5764 282 86 DÉPÊCHES
2088 5768 522 98 TÉLÉGRAPHIQUES

1971 5897 51 29 DE
2061 5898 51 29 LA
2142 5899 97 29 NUIT

1588 6002 8 62 |
1611 6009 192 52 (Dépcches
1835 6016 169 35 arrivées
2021 6014 163 50 pendant
2215 6016 38 37 la.
2273 6018 77 35 nuit
2371 6022 33 33 el
2435 6019 164 45 publiées

1809 6074 70 38 par
1897 6062 53 39 les
1965 6063 199 49 journaux
2184 6066 49 38 du
2252 6067 148 49 matin.)

1862 6171 388 56 Allemagne

1987 6236 211 43 Darmst;tdt,
2221 6241 41 31 i5
2273 6239 125 42 juillet,
2419 6242 84 33 soir.

1649 6278 65 33 Les
1731 6279 181 34 Prussiens
1930 6284 80 29 sont
2027 6280 43 35 de
2098 6292 38 23 ce
2156 6282 75 35 côté
2247 6284 47 33 du
2324 6285 105 36 Mein,
2449 6286 82 37 près
2548 6287 43 30 de

1608 6322 228 34 .c:loekslandt.
1859 6333 43 24 en
1920 6324 74 34 face
2011 6324 46 35 du
2076 6329 36 29 se
2131 6337 105 31 corps
2254 6328 43 33 de
2326 6329 141 34 l'armée
2499 6332 92 31 fédé-

1608 6368 81 32 rale.
1716 6367 52 34 On
1787 6367 146 34 s'attend
1950 6369 19 33 à
1989 6379 67 23 une
2085 6371 88 33 bata-
2206 6383 18 20 e
2244 6382 87 32 pour
2356 6373 155 36 demain.
2529 6377 62 33 Les

1607 6418 139 36 troupes
1764 6416 58 29 ont
1838 6413 108 41 quitté
1967 6415 208 34 Darmstadt.
2202 6417 118 34 foutes
2340 6418 49 34 les
2404 6420 132 34 caisses
2551 6421 40 33 de

1607 6457 97 33 l'Etat
1724 6461 58 30 ont
1799 6456 54 35 éié
1872 6458 214 36 transférées
2106 6453 158 43 ailleurs.
2283 6463 184 39 Beaucoup
2484 6464 44 32 de
2547 6466 44 30 fa-

1606 6501 113 34 milles
1736 6506 77 29 sont
1830 6503 139 42 parties.

2112 6565 189 43 Francfort,
2324 6568 39 32 16
2377 6567 126 44 juillet.

1646 6606 73 33 Une
1736 6605 248 44 proclamation
2004 6607 46 34 du
2063 6609 103 34 Sénat
2183 6610 44 34 de
2245 6612 188 38 Francfort,
2452 6624 43 24 en
2514 6615 77 33 date

1603 6649 121 42 d'hier,
1743 6659 138 24 rassure
1899 6650 50 34 les
1966 6652 157 43 citoyens
2137 6664 43 24 au
2196 6656 93 40 sujet
2307 6656 62 33 des
2383 6657 148 39 dangers
2549 6661 42 34 de

1605 6695 30 33 ta
1653 6704 124 33 guerre
1795 6697 34 29 et
1845 6695 187 42 s'exprime
2050 6698 89 33 ainsi
2156 6709 8 23 :

1650 6751 14 18 (x-
1682 6739 44 33 Le
1744 6737 104 34 Sénat
1864 6745 130 28 restera
2010 6740 100 36 fidèle
2124 6744 18 31 à
2159 6743 33 34 la
2208 6744 275 39 Confédération,
2502 6749 89 29 mais

1605 6782 23 34 il
1657 6782 147 42 regarde
1827 6791 135 25 comme
1989 6785 190 39 répondant
2199 6788 17 33 à
2235 6788 61 33 des
2312 6789 115 35 désirs
2449 6798 142 29 urgents

1604 6837 66 23 une
1688 6827 148 33 réforme
1854 6826 43 35 de
1915 6827 32 33 la
1971 6831 222 33 constitution
2210 6832 163 40 fédérale,
2389 6834 31 30 la
2438 6838 152 31 création

1603 6871 81 34 d'un
1716 6872 147 41 pouvoir
1879 6872 131 33 central
2028 6873 68 35 fort
2112 6879 35 30 et
2173 6875 284 39 l'établissement
2486 6882 104 34 d'une

1602 6915 273 43 représeniation
1893 6916 156 35 effective
2079 6918 44 34 de
2143 6922 75 32 tous
2254 6920 51 35 les
2339 6924 147 37 peuples
2502 6927 85 31 alle-

1604 6960 123 33 mands
1741 6972 7 29 ;
1768 6962 23 31 il
1808 6970 37 24 se
1864 6961 136 40 prêtera
2017 6962 20 34 à
2054 6965 75 32 tous
2154 6964 51 35 les
2223 6966 118 34 efforts
2357 6966 131 38 dirigés
2506 6981 79 22 vers

1601 7014 39 24 ce
1657 7003 73 35 but.

1647 7061 15 19 »
1683 7049 46 33 Le
1755 7047 103 36 Sénat
1883 7054 53 29 est
1962 7050 207 37 fermement
2200 7054 128 39 résolu,
2349 7065 44 24 en
2412 7058 175 34 attendant

1602 7102 69 31 que
1686 7093 32 33 la
1738 7092 147 35 réforme
1902 7094 151 35 fédérale
2065 7097 64 34 soil
2144 7098 270 35 heureusement
2431 7102 155 36 réalisée,

1601 7140 16 31 à
1638 7137 185 33 maintenir
1851 7137 283 45 l'indépendance
2151 7147 35 31 et
2204 7143 253 37 l'inviolabilité
2484 7147 44 35 de
2556 7151 31 31 là

1604 7182 80 34 ville
1704 7181 90 33 libre
1811 7181 44 34 de
1872 7183 43 36 FI
1915 7183 144 36 ancfort.
2081 7197 16 19 »

1993 7282 174 28 Autriche

2151 7335 143 43 Vienne,
2317 7340 11 30 i
2337 7339 18 31 6
2370 7338 125 43 juillet.

1645 7375 64 32 Les
1726 7384 35 22 a\
1773 7374 27 33 is
1819 7374 42 34 de
1879 7375 114 34 Berlin
2008 7377 137 38 parlant
2162 7378 103 35 d'une
2283 7382 164 38 agitation
2479 7386 109 30 crois-

1603 7423 94 28 sante
1711 7427 44 25 en
1774 7419 149 42 Hongrie
1941 7425 34 28 et
1998 7419 43 35 de
2061 7421 8 33 i
2084 7424 191 35 apparition
2307 7425 21 34 d
2342 7425 160 38 insurgés
2529 7440 53 19 ar-

1602 7462 74 33 més
1707 7472 61 24 sur
1790 7462 180 43 plusieurs
1996 7464 115 43 points
2148 7473 76 29 sont
2255 7469 256 38 officiellement
2528 7473 60 34 dé-

1602 7506 135 34 mentis.

1646 7551 43 33 La
1710 7550 179 34 meil'eurü
1906 7560 128 32 preuve
2051 7552 63 35 des
2140 7556 206 35 sentiments
2363 7557 62 35 des
2443 7560 143 35 popula-

1604 7599 87 29 tions
1703 7594 203 42 hongroises
1920 7605 37 23 se
1974 7599 120 31 trouve
2111 7597 86 36 dans
2214 7600 30 33 le
2262 7601 102 34 choix
2387 7603 61 36 qui
2481 7614 20 23 a
2531 7605 55 32 été

1617 7638 45 32 ait
1693 7638 42 33 c'a
1768 7638 29 33 la
1831 7638 179 34 résidence
2041 7644 44 29 de
2115 7641 95 35 Bude
2225 7653 64 26 par
2308 7644 31 34 la
2356 7648 139 34 plupart
2523 7647 62 31 des

1605 7681 173 35 membres
1792 7682 42 33 de
1854 7682 28 32 1<1
1900 7682 131 34 famille
2048 7684 193 42 impériale,
2268 7688 88 32 dans
2390 7689 195 36 l'affluence

1603 7725 60 34 des
1680 7726 207 33 volontaires
1901 7726 162 43 hongrois
2082 7737 80 25 ?;<nis
2179 7730 49 34 les
2243 7730 174 39 drapeaux
2427 7734 44 34 de
2489 7735 97 33 i'em-

1603 7768 86 43 pire,
1708 7773 34 29 et
1752 7769 85 34 dans
1853 7771 7 31 l
1876 7770 85 33 o^re
1976 7771 139 40 répétée
2129 7773 59 34 det-
2207 7776 140 34 anciens
2361 7778 150 35 officiera
2528 7790 57 22 su-

1604 7812 154 42 périeurs
1773 7813 41 33 de
1833 7813 139 35 l'armée
1992 7814 181 41 hongroise
2189 7817 161 41 (honved)
2367 7821 43 34 de
2428 7824 153 31 combat-

1619 7865 35 24 re
1667 7861 117 29 contre
1804 7857 160 34 l'ennemi
1976 7868 175 25 commun.

1646 7900 27 33 Il
1689 7904 52 29 est
1757 7902 143 41 certain,
1916 7901 42 34 de
1971 7903 91 42 n!us,
2076 7904 85 41 qu'il
2179 7914 38 24 se
2234 7906 148 39 prépare
2394 7908 86 35 dans
2492 7914 92 31 toute

1602 7944 30 32 la
1651 7945 149 41 Hongrie
1817 7954 67 23 une
1902 7946 98 34 levée
2017 7956 43 24 en
2078 7958 114 24 masse
2210 7956 116 27 contre
2343 7962 68 23 une
2431 7954 153 34 invasion

1600 7987 195 34 éventuelle
1808 7987 61 33 des
1883 7988 194 36 Prussiens.
2094 7992 46 33 Le
2152 7992 137 35 cabinet
2306 7994 43 34 de
2365 7996 114 35 Berlin
2489 8008 96 25 mon-

1604 8037 63 34 tre,
1688 8041 41 23 en
1746 8038 210 37 propageant
1972 8034 87 33 ainsi
2074 8035 43 33 de
2130 8035 132 36 fausses
2293 8040 189 34 nouvelles,
2500 8044 84 32 qu'il

1599 8084 22 23 il
1639 8084 67 34 peu
1726 8075 42 33 de
1783 8077 174 32 confiance
1973 8075 86 36 dans
2074 8078 31 34 le
2123 8080 120 35 succès
2261 8080 44 36 de
2323 8092 55 24 ses
2395 8094 126 26 armes.

2035 8192 119 27 Italie.

2114 8238 174 39 Florence,
2311 8240 39 31 16
2364 8239 130 42 juillet.

1644 8276 46 33 Le
1709 8275 107 34 baron
1831 8276 146 35 Hicasoli
1995 8287 18 23 a
2032 8277 129 35 obtenu
2178 8281 58 32 651
2259 8282 92 33 voix.
2367 8288 33 29 et
2415 8284 44 32 M.
2478 8284 105 35 Albe-

1602 8320 29 32 li
1648 8321 31 31 4.
1701 8319 24 33 Il
1741 8331 17 31 y
1777 8329 20 23 a
1814 8319 196 44 ballottage.

1647 8363 52 33 On
1717 8364 85 31 croit
1820 8373 68 30 que
1904 8364 31 33 le
1952 8371 270 32 gouvernement
2237 8367 116 35 italien
2373 8380 40 23 va
2430 8380 153 26 envoyer

1602 8405 61 34 des
1680 8407 253 33 commissaires
1948 8408 163 42 spéciaux
2136 8409 85 35 dans
2251 8411 134 39 chaque
2418 8416 165 34 province

1602 8449 42 34 de
1665 8449 148 34 rénélie.

2147 8495 300 47 (Havas-Bullier.)

1581 8603 6 76 1
1656 8627 108 38 Nous
1779 8638 125 28 avons
1922 8625 138 54 publié
2079 8629 40 35 la
2149 8625 214 40 circulaire
2393 8628 56 44 de
2449 8628 75 44 lU.
2524 8628 57 44 de

1601 8680 164 40 Pnlloux
1781 8694 8 33 ;
1811 8692 101 27 nous
1932 8680 190 53 publions
2140 8680 24 38 à
2188 8691 73 28 son
2294 8687 89 32 tour
2400 8684 102 42 celle
2529 8687 53 41 de

1601 8748 70 27 son
1691 8734 277 54 compétiteur,
1989 8736 49 39 M.
2061 8733 162 54 Eugène
2240 8734 147 55 Berger
2406 8749 8 25 :

1774 8803 197 41 Messieurs,

1643 8848 54 33 Au
1715 8852 154 29 moment
1883 8846 44 34 où
1941 8848 28 31 la
1987 8852 92 29 mort
2095 8846 48 35 du
2162 8845 206 43 regrettable
2383 8847 44 33 M.
2448 8848 133 40 Bûcher

1580 8914 7 11 {
1601 8889 43 33 de
1660 8889 196 35 Chauvigné
1872 8892 114 31 venait
1999 8891 43 33 de
2059 8891 123 33 laisser
2198 8893 121 30 vacant
2336 8889 32 34 le
2385 8891 93 33 siége
2494 8895 86 29 qu'il

1579 8923 7 51 j
1601 8935 154 41 occupatt
1767 8943 43 25 au
1825 8935 106 45 Corps
1948 8935 172 41 législatif,
2135 8944 46 24 un
2197 8932 108 44 grand
2321 8934 147 35 nombre
2486 8936 21 33 d
2520 8947 61 24 en.-

3031 545 20 24 -i
3070 549 16 19 >Ji
3117 561 9 8 V
3136 560 11 8 V
3271 558 19 11 -.1
3306 558 54 12 l.a.'
3381 567 47 4 ..
3566 564 30 7 -J.-
3610 557 50 14 -._C

2663 592 71 26 une
2741 581 153 36 carrière
2909 580 199 36 laborieuse
3118 586 35 30 et
3166 581 173 37 quelques
3349 583 157 34 services
3520 584 144 34 rendus,

2663 629 112 34 m'out
2792 627 61 35 fait
2867 626 176 36 J'h:macc.r
3043 626 64 36 de
3124 627 147 35 m'offrir
3285 628 269 43 spontanément
3572 628 96 36 leurs

2665 673 183 46 duSiages.
2867 671 203 46 Encouragé
3094 682 66 34 par
3186 683 59 25 ces
3273 671 277 39 bibnvot'autes
3550 671 119 39 maai-

2664 721 193 39 festations,
2867 720 37 43 je
2922 727 148 26 tnesuis
3085 718 197 35 déterminé
3298 720 18 33 à
3336 719 170 35 solliciter
3525 721 31 34 le
3568 730 101 26 man-

2664 764 60 36 dat
2741 764 45 36 de
2802 764 129 44 député
2948 773 90 37 pour
3053 763 33 35 la
3105 762 187 38 deuxième
3308 765 290 46 circonscription
3623 765 45 36 de

2664 810 296 36 Maine-et-Loire.

2709 856 132 45 Malgré
2857 857 64 35 des
2939 856 236 45 témoignages
3188 854 43 35 de
3249 856 198 45 sympathie
3463 856 206 44 personnel-

2666 900 30 34 le
2715 903 60 43 qui
2792 913 57 24 me
2866 907 120 31 seront
3003 903 158 43 toujours
3177 902 178 44 pré.:;i;';lL'i.,
3372 903 37 44 je
3436 902 154 34 n'aurais
3606 913 63 34 pas

2664 947 60 34 osé
2747 948 197 44 cependant
2969 959 85 24 vous
3071 953 188 30 soumettre
3274 959 57 24 ma
3348 948 230 35 candidature
3592 951 31 32 si
3631 960 37 32 je

2665 992 133 35 n'avais
2813 1003 64 34 pas
2894 993 56 36 été
2968 995 133 34 certain
3120 994 44 34 de
3182 1004 57 24 me
3259 999 142 29 trouver
3418 1004 85 24 avec
3522 1004 86 25 vous
3623 1005 44 24 en

2664 1038 145 43 parfaite
2822 1040 249 34 communauté
3088 1039 193 35 d'idées.?
3298 1041 146 33 Comme
3462 1049 98 29 vous,
3577 1050 91 25 mes-

2664 1090 129 35 sieurs,
2815 1083 37 43 je
2869 1086 75 32 suis
2972 1089 250 31 conservateur
3252 1089 37 31 et
3305 1085 137 39 libéral.
3465 1104 42 7 ?
3528 1085 141 35 Profon-

2664 1128 144 35 dément
2825 1127 136 36 dévoué
2979 1130 218 44 l'Empereur
3215 1134 34 30 et
3273 1131 20 34 à
3321 1141 37 24 sa
3391 1130 173 45 dynastie,
3582 1133 87 33 atta-

2664 1174 65 34 ché
2745 1174 19 34 à
2777 1179 78 29 Lous
2873 1174 51 34 les
2939 1175 132 39 grands
3082 1176 179 40 principes
3273 1175 87 37 dont
3378 1175 32 36 le
3427 1181 139 37 respect
3580 1187 89 25 nous

2664 1229 123 24 assure
2805 1219 33 34 la
2857 1217 151 37 stabilité
3024 1220 142 42 sociale,
3193 1221 15 44 j
3222 1223 32 32 ai
3276 1232 67 24 une
3374 1222 48 34 foi
3454 1232 70 24 non
3554 1221 114 36 moins

2665 1265 78 34 vive
2761 1264 88 34 dans
2866 1270 55 29 cet
2935 1266 110 41 esprit
3062 1264 44 36 de
3136 1266 169 35 véritable
3323 1267 144 43 progrès
3481 1268 60 41 qui
3565 1268 104 34 s'ins-

2665 1310 75 43 pire
2757 1309 44 36 de
2822 1309 248 46 l'expérience,
3101 1314 31 31 et
3164 1314 157 41 poursuit
3344 1317 255 30 constamment
3617 1314 50 34 les

2663 1356 260 35 améliorations
2938 1356 173 44 possibles
3129 1367 81 23 s.'rr
3228 1368 151 32 exposer
3404 1359 52 33 les
3483 1360 148 42 peuples
3647 1361 20 32 à

2665 1401 33 35 la
2714 1402 134 34 crainte
2866 1401 63 36 des
2946 1409 189 27 aventures
3146 1407 35 29 et
3196 1414 44 23 au
3249 1403 135 43 danger
3398 1403 62 35 des
3478 1404 188 36 réactions.

2667 1448 121 33 ?Mon
2804 1446 168 35 adhésion
2982 1451 51 31 est
3041 1447 144 43 acquise
3194 1458 70 25 aux
3278 1450 170 34 réformes
3461 1449 203 43 prudentes,

2665 1492 200 34 mûrement
2893 1491 169 44 étudiées,
3094 1492 191 45 répondant
3302 1505 70 24 aux
3390 1494 141 35 besoins
3549 1499 31 30 et
3598 1505 69 25 aux

2669 1547 103 25 v-æuÀ
2787 1537 95 34 réels
2898 1536 46 36 du
2963 1548 99 34 pays.
3084 1538 63 35 J'ai
3162 1538 141 46 partagé
3320 1541 31 34 la
3376 1543 291 33 reconnaissance

2664 1593 80 25 arec
2761 1583 152 45 iaquelle
2937 1594 89 25 vous
3042 1595 85 24 avez
3157 1585 161 36 accueilli
3338 1591 57 30 cet
3423 1585 182 35 ensemble
3623 1586 44 34 de

2665 1639 161 26 mesures
2841 1631 60 43 qui
2920 1635 119 31 seront
3055 1630 186 36 l'honneur
3271 1632 49 35 du
3349 1633 107 41 règne
3486 1633 130 42 actuel,
3635 1637 31 29 et

2667 1676 60 45 qui
2740 1680 61 30 ont
2819 1686 45 25 eu
2881 1686 89 34 pour
2993 1677 63 35 but
3073 1675 43 38 de
3136 1675 172 46 répandre
3342 1677 246 43 l'instruction,
3621 1677 45 35 de

2667 1723 169 33 favoriser
2850 1722 192 35 l'initiative
3058 1721 243 36 individuelle,
3331 1722 44 35 de
3404 1722 214 46 développer
3635 1722 32 34 la

2666 1768 54 34 vie
2738 1767 111 35 locale
2862 1767 88 35 dans
2968 1768 51 33 les
3049 1767 262 44 départements
3341 1778 138 25 comme
3513 1768 89 35 dan3
3617 1768 50 35 les

2665 1821 218 32 communes,
2904 1816 31 29 et
2953 1815 45 30 de
3016 1813 131 33 former
3157 1812 277 44 graduellement
3450 1823 63 25 nos
3533 1823 134 27 m?urs

2665 1860 19 32 à
2705 1858 33 33 la
2756 1857 161 43 pratique
2935 1855 45 35 de
2996 1856 31 35 la
3049 1857 135 35 liberté.

2710 1903 62 32 Pas
2790 1901 80 45 plus
2893 1911 70 35 que
2996 1911 99 33 vous,
3123 1904 207 35 mes-irurs.
3358 1905 36 41 je
3413 1915 43 24 ne
3483 1915 185 31 compren-

2663 1945 96 35 drais
2776 1957 70 24 une
2874 1947 149 35 autorité
3041 1957 82 26 sans
3139 1950 143 34 linn'es.
3302 1951 37 31 J"
3357 1960 90 25 veux
3466 1950 202 35 l'interven-

2665 1993 68 34 tion
2749 1993 142 34 efficace
2909 1992 50 35 du
2974 1994 110 44 Corps
3099 1995 169 41 législatif
3291 1995 89 36 da':s
3396 1998 52 33 les
3465 1997 141 34 affaires
3623 1997 44 35 de

2666 2039 112 43 l'Etat,
2796 2040 91 34 mais
2901 2039 60 45 j'ai
2990 2040 31 34 la
3036 2042 198 34 conviction
3267 2042 169 43 profonde
3460 2043 106 43 qu'un
3583 2053 85 35 gou-

2667 2089 205 31 vernement
2892 2096 42 23 ne
2952 2090 84 39 peut
3054 2087 73 33 être
3145 2088 255 34 sérieusement
3413 2088 169 42 contrôlé,
3601 2089 65 33 uti-

2665 2130 124 35 lement
2817 2132 111 33 averti
2946 2142 68 33 que
3032 2142 66 34 par
3112 2132 64 35 des
3206 2132 159 35 hommes
3381 2133 155 35 dévoués
3563 2135 19 33 à
3602 2144 64 24 son

2664 2177 172 43 principe.
2869 2177 236 44 L'opposition
3128 2179 266 42 systématique,
3411 2179 178 35 l'hostilité
3606 2190 61 24 ou-

2664 2224 94 31 verte
2776 2231 44 25 ou
2851 2220 165 43 déguisée
3042 2226 203 32 trouveront
3274 2225 158 41 toujours
3449 2235 43 24 en
3529 2226 70 34 moi
3618 2236 47 24 un

2661 2265 200 36 adversaire
2889 2268 128 41 résolu;
3046 2268 37 38 je
3102 2269 66 34 n'ai
3184 2280 63 29 pas
3265 2270 119 35 oublié
3413 2280 68 29 que
3500 2281 89 24 nous
3606 2271 61 34 de-

2652 2313 129 33 .vonsà
2808 2307 31 40 la
2856 2319 140 33 sagesse
3014 2310 44 37 de
3077 2324 62 25 nos
3167 2316 64 34 lois
3248 2315 276 36 fondamentales
3537 2318 129 39 quinze

2662 2356 130 36 années
2825 2357 44 36 de
2902 2358 213 45 tranquillité
3148 2361 202 41 intérieure,
3381 2360 44 36 de
3457 2362 207 41 prospérité,

2662 2402 141 36 d'union
2821 2407 100 31 entre
2943 2404 50 34 les
3020 2407 176 40 pouvoirs,
3218 2411 32 29 et
3262 2408 38 40 je
3320 2418 43 23 ne
3375 2418 57 24 me
3447 2408 152 34 rallierai
3614 2408 52 42 ja-

2663 2449 89 34 mais
2770 2459 67 25 aux
2854 2449 176 35 doctrines
3048 2453 60 43 qui
3127 2453 196 34 tendraient
3332 2455 17 33 à
3361 2452 156 36 détruire
3535 2453 60 35 les-
3604 2454 62 35 ba-

2662 2505 58 24 ses
2734 2495 43 35 de
2795 2495 32 35 la
2843 2497 242 34 Constitution.

2706 2542 135 33 Devant
2855 2542 52 33 les
2920 2542 136 44 loyales
3073 2543 224 44 populations
3309 2544 207 43 auxquelles
3528 2547 38 40 je
3579 2547 87 34 m'a-

2662 2586 135 42 dresse,
2815 2587 36 43 je
2864 2586 68 35 n'ai
2949 2597 62 33 pas
3027 2587 122 35 besoin
3174 2588 181 37 d'insister
3377 2589 193 45 davantage
3595 2602 70 24 sur

2662 2641 60 25 ces
2741 2634 118 42 points
2883 2633 199 36 essentiels.
3111 2634 151 44 Calmes,
3290 2636 186 42 patientes,
3504 2638 162 34 assurées

2662 2677 44 34 de
2725 2678 32 32 la
2774 2677 199 35 sollicitude
2988 2678 47 34 du
3053 2681 200 42 souverain,
3273 2681 87 35 elles
3372 2685 194 32 traversent
3577 2694 86 24 avec

2665 2722 144 35 fermeté
2824 2733 59 25 ces
2899 2724 173 40 épreuves
3091 2726 216 41 passagères,
3327 2729 60 39 qui
3412 2733 82 30 sont
3518 2729 146 35 inévita-

2663 2767 75 35 bles
2755 2768 87 34 dàns
2861 2769 30 35 la
2914 2770 54 33 vie
2984 2769 64 36 des
3065 2772 149 34 nations.
3232 2773 278 36 L'abaissement
3521 2774 47 35 du
3583 2777 78 37 prix

2661 2813 62 35 des
2737 2814 160 34 céréales
2910 2820 53 30 est
2985 2815 115 43 l'objet
3119 2817 44 35 de
3186 2819 96 34 leurs
3303 2819 289 41 préoccup-dions
3613 2821 46 32 lé-

2661 2859 151 45 gitimes,
2830 2861 92 35 mais
2938 2861 91 36 elles
3044 2867 78 31 sont
3140 2867 79 41 trop
3236 2865 144 34 sensées
3399 2875 90 33 pour
3510 2877 41 23 èI;
3577 2866 83 35 ",iire

2662 2910 176 31 remonter
2861 2907 31 34 la
2913 2908 269 43 responsabilité
3201 2919 43 24 au
3262 2917 287 36 gouvernement.
3567 2912 95 35 Elles

2659 2961 37 24 se
2712 2952 197 43 rappellent
2927 2954 52 35 les
3006 2959 313 39 encouragements
3342 2956 45 34 de
3408 2959 113 32 toutes
3547 2962 113 31 sortes

2658 2998 87 43 qu'il
2771 3010 19 22 a
2813 2997 136 37 donnés
2980 3000 19 33 à
3037 3000 251 41 l'agriculture,
3312 3002 206 34 l'extension
3536 3004 123 40 rapide

2658 3053 69 34 que
2745 3044 46 34 lu
2811 3043 72 36 doit
2903 3044 31 35 le
2951 3046 139 34 service
3108 3046 148 43 vicinal;
3275 3046 88 35 elles
3381 3051 124 31 savent
3526 3050 133 42 qu'une

2657 3091 151 42 enqvète
2823 3093 144 33 ouverte
2983 3101 63 34 par
3061 3101 57 25 ses
3135 3092 124 35 ordres
3274 3092 78 35 leur
3363 3097 188 39 permettra
3561 3094 99 36 bien-

2659 3136 45 33 tôt
2733 3135 186 41 i't'exposer
2942 3135 191 36 librement
3155 3138 96 35 leurs
3282 3138 259 43 réclamations,
3566 3146 33 29 et
3627 3143 31 33 si

2657 3180 85 34 elles
2765 3180 182 34 attendent
2965 3181 49 35 du
3038 3182 135 40 député,
3193 3184 149 38 qu'elles
3364 3190 84 30 vont
3470 3186 134 35 choisir
3626 3187 32 35 la

2656 3225 144 35 défense
2816 3226 244 43 persévérante
3078 3227 44 36 de
3141 3229 97 35 leurs
3256 3230 159 37 intérêts,
3435 3231 88 35 elles
3542 3232 49 34 lui
3603 3243 55 24 re-

2656 3271 113 44 proche
2769 3271 131 44 raient
2915 3272 216 45 d'exprimer
3145 3285 45 25 en
3211 3274 78 36 leur
3310 3286 84 25 nom
3418 3276 63 36 des
3498 3279 161 35 récrimi-

2655 3316 136 37 nations
2804 3317 160 44 injustes.

2698 3362 50 34 De
2766 3361 131 44 même,
2931 3364 205 44 messieurs,
3169 3375 46 26 en
3248 3365 173 45 présence
3437 3367 63 36 des
3519 3369 137 36 conflits

2655 3416 176 26 survenus
2848 3412 98 32 entre
2966 3409 51 35 les
3035 3411 205 43 puissances
3262 3412 166 39 voisines,
3465 3419 98 30 votre
3597 3426 60 28 pa-

2654 3453 172 34 triotisme
2844 3454 57 35 n'a
2916 3465 61 34 pas
2988 3455 121 36 écouté
3127 3457 52 34 les
3195 3457 231 37 insinuations
3440 3459 216 37 malveillan-

2660 3505 49 28 tes
2723 3503 34 30 et
2773 3499 51 34 les
2837 3498 126 37 feintes
2977 3502 152 35 alarmes
3145 3502 64 36 des
3226 3504 121 42 partis.
3371 3505 180 36 Confiants
3567 3506 89 35 dans

2656 3545 51 34 les
2721 3544 236 37 déclarations
2987 3547 45 35 de
3061 3547 11 35 1
3085 3549 208 43 Empereur,
3320 3559 89 26 vous
3438 3561 85 24 avez
3548 3553 107 42 pensé

2655 3600 81 33 que,
2755 3600 137 26 comme
2905 3596 170 40 toujours,
3090 3594 24 34 il
3130 3604 43 24 ne
3185 3605 38 24 se
3237 3595 173 35 laisserait
3424 3597 35 34 ni
3476 3597 179 35 intimider

2659 3636 33 33 ni
2705 3635 191 46 entraîner,
2916 3642 35 30 et
2969 3648 62 25 vos
3048 3639 208 42 espérances
3274 3644 58 31 unt
3355 3652 83 30 reçu
3454 3642 62 36 des
3524 3643 127 36 événe-

2659 3685 113 31 ments
2790 3681 33 35 la
2840 3684 80 38 plus
2933 3683 171 36 éclatante
3133 3687 253 35 confirmation.
3419 3688 232 41 Aujourd'hui

2656 3736 87 25 nous
2760 3728 269 44 applaudissons
3043 3730 183 36 ensemble
3240 3742 47 24 au
3302 3733 175 40 triomphe
3496 3734 44 35 de
3556 3740 89 30 cette

2655 3772 169 45 politique
2841 3777 174 40 glorieuse
3030 3777 75 40 qui,
3125 3786 63 32 par
3203 3778 30 33 le
3247 3779 76 34 seul
3341 3779 191 36 ascendant
3557 3780 43 35 de
3620 3781 31 34 la

2653 3817 95 35 force
2766 3821 135 33 morale
2916 3824 33 31 et
2967 3832 81 23 sans
3062 3821 195 36 demander
3271 3834 114 25 aucun
3409 3826 158 35 sacritice
3584 3827 18 33 à
3619 3827 31 33 la

2655 3863 141 43 France,
2816 3864 52 35 Ta
2894 3865 120 42 placée
3031 3877 44 24 au
3090 3869 158 38 premier
3266 3880 85 27 rang
3371 3869 64 36 des
3453 3872 146 35 peuples
3618 3876 33 31 et

2653 3909 43 34 l'a
2714 3905 132 39 rendue
2865 3910 154 36 l'arbitre
3037 3912 43 35 de
3100 3914 32 33 la
3149 3914 94 44 paix.

2695 3955 115 43 Après
2828 3965 40 25 ce
2896 3957 141 35 résumé
3072 3957 64 36 des
3166 3960 162 43 opinions
3362 3962 60 42 qui
3457 3972 89 24 nous
3572 3966 79 31 sont

2651 4009 207 27 communes
2876 4007 35 29 et
2925 4003 61 44 qui
3005 4008 130 39 seront,
3151 4004 38 43 je
3208 4006 78 34 n'en
3318 4005 105 36 doute
3457 4016 76 31 pas,
3566 4018 82 25 mon

2650 4046 171 44 principal
2841 4049 78 32 litre
2937 4050 20 32 à
2976 4058 62 25 vos
3072 4059 106 31 yeux,
3217 4061 85 25 vous
3337 4062 56 24 me
3424 4057 223 36 permettrez,

2651 4093 203 42 messieurs,
2874 4092 42 35 de
2934 4103 87 26 vous
3035 4094 76 35 dire
3128 4096 171 41 quelques
3326 4100 92 32 mots
3452 4099 196 35 seulement

2649 4136 44 35 de
2711 4146 56 25 ma
2783 4138 164 35 situation
2963 4142 235 37 personnelle.
3212 4142 93 34 Vous
3321 4152 104 25 savez
3457 4145 109 39 qu'un
3585 4143 64 36 des

2648 4185 145 32 cantons
2809 4183 43 34 de
2871 4185 32 33 la
2921 4185 286 44 circonscription
3225 4198 18 23 a
3260 4187 82 36 bien
3377 4190 107 34 voulu
3512 4189 136 35 m'élire

2647 4237 45 24 au
2712 4228 131 35 conseil
2862 4229 141 40 général
3017 4230 87 36 dont
3118 4233 60 37 j'ai
3197 4232 55 35 été
3270 4233 32 34 le
3337 4235 188 34 secrétaire
3560 4245 85 28 pen-

2648 4272 80 35 dant
2746 4274 51 34 les
2814 4275 156 35 sessions
2985 4275 45 36 de
3047 4279 87 33 1864
3149 4282 35 30 et
3210 4277 45 35 ele
3290 4280 100 33 1865.
3420 4279 47 35 La
3507 4285 138 33 plupart

2647 4317 133 37 d'entre
2799 4329 84 25 vous
2897 4322 222 35 connaissent
3134 4324 95 34 aussi
3242 4323 50 35 les
3309 4325 148 38 emplois
3485 4336 69 27 que
3582 4327 61 38 j'ai

2647 4364 299 36 successivement
2957 4367 163 39 occupés.
3141 4369 37 34 Je
3215 4368 238 36 m'honorerai
3487 4371 159 38 toujours

2646 4408 133 47 devoir
2795 4416 192 39 appartenu
3004 4413 17 34 à
3047 4417 87 31 cette
3161 4413 280 37 administration
3475 4416 171 35 française

2646 4454 45 35 où
2706 4455 59 40 j'ai
2782 4457 123 34 trouvé
2922 4462 71 29 tant
3018 4457 44 36 de
3082 4469 30 23 n
3137 4470 68 24 .as
3231 4461 181 38 exemples
3430 4460 44 35 de
3493 4460 149 41 probité,

2645 4500 43 35 de
2708 4502 122 34 travail
2858 4503 44 33 de
2919 4502 233 37 dévouement
3167 4515 43 24 au
3231 4505 79 35 bien
3327 4507 81 42 puhti
3408 4507 41 42 '
3463 4518 7 29 ;
3486 4509 101 39 mais,
3599 4518 44 25 en

2645 4551 125 37 posant
2787 4557 56 24 ma
2862 4548 240 42 candidature,
3119 4550 60 41 j'ai
3204 4556 80 28 tenu
3321 4556 20 29 A
3370 4551 32 34 le
3436 4553 87 34 faire
3556 4553 89 36 dans

2644 4590 64 36 des
2725 4593 197 34 conditions
2945 4592 166 37 d'entière
3129 4595 275 39 indépendance,
3422 4602 35 30 et
3481 4598 38 38 je
3544 4599 101 34 viens

2643 4635 44 35 de
2706 4638 158 44 résigner
2882 4639 51 33 les
2956 4639 170 35 fonctions
3143 4651 69 32 que
3231 4642 32 41 je
3281 4643 219 40 remplissais
3516 4653 43 25 au
3578 4646 67 33 mi-

2645 4682 128 38 nistère
2791 4683 45 36 de
2855 4683 206 36 l'intérieur.
3084 4686 66 33 Pès
3169 4688 20 32 à
3213 4687 155 38 présent,
3390 4690 204 37 messieurs,
3606 4690 37 39 je

2643 4737 44 24 ne
2702 4728 116 34 relève
2836 4729 80 43 plus
2931 4740 67 31 que
3013 4729 43 37 de
3075 4741 76 25 mes
3167 4732 225 42 concitoyens
3409 4738 36 31 et
3455 4735 37 39 je
3511 4736 73 33 suis
3598 4745 45 24 en

2644 4783 139 24 mesure
2801 4773 43 35 de
2867 4785 56 24 me
2942 4784 187 26 consacrer
3147 4777 17 33 à
3198 4788 70 24 r.-ix
3293 4788 83 25 sn!is
3399 4784 154 36 partage.
3579 4781 66 31 De-

2641 4819 80 42 puis
2749 4819 104 43 qu'ils
2883 4820 108 34 m'ont
3025 4821 124 41 appelé
3180 4833 45 23 au.
3252 4825 132 33 conseil
3408 4824 156 40 général,
3581 4825 62 39 j'ai

2641 4864 82 33 saisi
2741 4874 85 24 avec
2843 4863 161 36 bonheur
3021 4871 111 29 toutes
3146 4867 53 33 les
3215 4869 181 34 occasions
3413 4869 44 35 de
3477 4870 75 34 leur
3570 4871 73 34 être

2640 4908 102 43 utile;
2774 4909 36 43 je
2839 4909 241 36 redoublerais
3102 4911 156 35 d'efforts
3280 4923 91 32 pour
3395 4915 153 40 justifier
3566 4914 78 35 leur

2639 4954 178 34 confiance
2861 4955 30 33 si
2932 4956 69 34 elle
3029 4957 225 37 :-m'imppFait
3286 4959 64 34 des
3386 4960 140 34 devoirs
3563 4960 80 38 plus

2639 4997 160 36 étendus.

2682 5044 146 40 Agréez,
2843 5046 202 41 messieurs,
3062 5046 211 38 l'assurance
3285 5047 44 37 de
3345 5059 76 25 mes
3434 5050 208 35 sentiments

2639 5086 164 37 dévoués.

3147 5138 87 36 lîro.i
3315 5140 150 44 BEflfiER,

2735 5179 155 36 Membre
2909 5181 44 34 du
2973 5183 129 35 conseil
3123 5183 139 44 w'np!'cd
3284 5186 42 33 de
3346 5186 293 36 Maine-et-Loire.

2693 5317 110 41 Nous
2823 5330 196 30 recevons
3051 5319 56 42 du
3141 5322 97 40 Jura
3269 5336 80 27 une
3382 5322 119 43 lettre
3520 5324 53 41 où
3594 5338 46 29 se

2640 5379 140 35 trouve
2799 5373 36 40 le
2851 5386 174 43 passage
3046 5377 165 42 suivant
3233 5391 70 28 sur
3319 5385 105 36 cette
3440 5379 174 43 élection
3629 5396 7 27 :

2688 5452 107 36 Deux
2810 5451 267 40 candidatures
3093 5462 85 31 sont
3192 5459 132 38 posées
3342 5456 95 39 dans
3452 5458 32 37 le
3501 5458 140 44 dépar-

2639 5506 141 33 tement
2796 5501 48 39 de
2861 5504 322 40 Maine-et-Loire.

2690 5553 101 37 Nous
2809 5565 48 26 en
2873 5554 206 39 voudrions
3097 5569 74 26 une
3191 5558 205 38 troisième.

2691 5602 50 38 Ce
2769 5604 97 37 n'est
2890 5616 68 36 pas
2977 5618 74 36 que
3071 5619 94 27 nous
3184 5609 170 38 élevions
3370 5621 124 26 aucun
3525 5611 113 38 doute

2642 5653 191 49 injurieux
2860 5667 66 26 sur
2959 5660 35 33 ie
3023 5659 133 36 mérite
3183 5658 68 39 des
3280 5659 101 38 deux
3412 5660 225 41 honorables

2639 5703 198 43 Candidats
2856 5708 65 47 qui
2940 5718 40 25 se
3010 5712 232 45 présentent.
3264 5710 103 36 Nous
3385 5722 49 25 ne
3459 5715 177 36 connais-

2641 5766 87 26 sons
2746 5766 67 37 pas
2833 5757 45 36 M.
2899 5759 153 44 Berger.
3084 5760 101 37 Nous
3204 5772 95 25 nous
3316 5761 168 48 plaisons
3500 5766 19 33 à
3536 5766 101 35 croi-

2640 5817 55 36 re,
2711 5816 144 27 comme
2871 5819 47 25 on
2937 5808 216 51 l'imprime,
3169 5811 93 46 qu'il
3281 5822 58 25 est
3356 5825 17 20 «
3387 5811 116 46 jeune
3520 5820 38 31 et
3572 5818 64 42 gé-

2638 5859 170 44 néreux;
2822 5858 93 46 qu'il
2931 5859 148 37 marche
3097 5872 91 27 avec
3204 5872 68 27 son
3288 5861 110 38 siecle
3410 5875 6 32 ;
3433 5863 93 45 qu'il
3541 5867 95 37 s'as-

2640 5906 146 39 socip-'m
2802 5918 88 26 avec
2910 5911 184 49 confiance
3111 5910 23 38 à
3148 5912 36 37 la
3208 5911 143 49 grande
3371 5912 177 48 politique
3569 5928 63 32 qui

2639 5967 94 28 nous
2750 5968 24 25 a
2791 5958 131 49 donné,
2942 5971 88 27 sans
3046 5965 175 44 combats,
3236 5961 37 38 la
3290 5962 103 37 riche
3404 5966 35 33 et
3459 5962 89 41 belle
3571 5970 65 34 Vé-

2639 6007 111 37 néti,-.
2767 6021 17 21 »
2805 6008 103 38 Nous
2935 6009 225 47 admettons,
3180 6023 89 28 sans
3284 6023 174 33 examen,
3477 6026 74 33 que
3564 6031 16 22 «
3599 6017 34 37 le

2640 6057 236 39 dévouement
2892 6070 50 27 au
2959 6060 80 39 bien
3057 6061 125 46 public
3196 6068 59 32 est
3271 6062 90 37 chez
3387 6063 54 38 lui
3462 6077 73 26 une
3552 6071 83 32 ,tr'.(l¡-

2639 6108 119 38 dition
2774 6105 44 39 de
2834 6107 154 48 famille,
3008 6117 39 32 et
3062 6124 89 35 que,
3169 6111 47 39 de
3232 6114 101 45 plus,
3350 6112 26 38 il
3392 6116 152 44 possède
3560 6130 74 25 une
3645 6138 7 6 -

2639 6160 206 36 renommée
2857 6159 86 38 telle
2954 6162 135 45 qu'elle
3099 6162 301 38 recommandera
3407 6176 73 32 par
3493 6177 140 30 avance

2639 6213 73 34 tout
2718 6221 17 20 e.
2743 6219 13 26 s
2773 6206 54 40 les
2841 6219 128 29 causes
2981 6211 239 47 qu'adoptera
3232 6225 41 26 sa
3286 6212 80 39 bien
3371 6225 42 27 ve
3419 6215 124 40 illante
3557 6219 76 33 sol-

2638 6257 214 42 licitude!»

2686 6310 126 44 Quant
2823 6310 22 35 à
2864 6309 47 37 M.
2929 6309 34 37 le
2980 6319 120 31 comte
3115 6312 47 38 de
3178 6313 170 43 Falloux,
3368 6325 94 27 nous
3476 6327 166 35 savorîs,

2638 6361 24 36 il
2682 6371 21 26 a
2720 6360 65 37 rai'
2802 6370 61 26 ses
2881 6369 176 35 preuves,
3075 6364 92 45 qu'il
3188 6370 55 31 est
3275 6364 149 37 homme
3455 6365 172 46 d'esprit,

2638 6411 44 38 de
2700 6410 132 48 talent,
2845 6409 47 37 de
2904 6421 158 35 courage
3077 6421 37 31 et
3128 6413 217 39 d'habileté.
3364 6415 102 37 Nous
3481 6418 149 43 n'igno-

2638 6472 85 27 rons
2740 6471 69 34 pas
2825 6471 74 34 que
2917 6470 61 28 ses
2988 6459 124 43 b?ufs
3126 6471 151 39 portent
3289 6465 33 37 la
3338 6465 176 38 médaille
3531 6466 95 46 d'or,

2638 6518 33 32 et
2696 6511 94 48 qu'il
2821 6515 56 32 est
2893 6521 53 26 un
2976 6510 63 38 des
3066 6520 194 40 quarante.
3282 6516 102 37 Nous
3413 6527 120 27 avons
3564 6525 66 29 ouï

2638 6558 77 46 lire
2733 6560 114 51 qu'on
2860 6560 160 50 possède
3038 6574 48 26 en
3103 6576 41 26 sa
3162 6565 143 38 famille
3325 6565 33 37 la
3379 6567 248 39 miraculeuse

2638 6613 117 48 image
2773 6610 52 38 du
2843 6611 98 50 linge
2956 6609 47 37 de
3013 6613 118 39 sainte
3158 6617 202 50 Veronique

2682 6663 82 44 Que
2781 6661 191 38 souhaiter
2989 6660 47 37 de
3053 6664 99 43 plus,
3185 6666 206 41 dira-t-on;
3420 6668 20 36 à
3472 6666 49 38 lui
3543 6673 37 31 et
3603 6669 20 36 à
3662 6685 7 27 j

2638 6724 63 28 son
2719 6711 204 38 honorable
2940 6710 167 51 collègue
3120 6715 18 36 ?
3480 6714 9 5 ~

2681 6763 94 36 Rien
2793 6761 498 44 dep!us,quetquechcsede
3311 6768 133 37 moins.
3456 6761 90 43 Nous
3546 6761 73 43 ne

2638 6812 49 37 les
2706 6811 204 38 voudrions
2924 6821 70 38 pas
3011 6819 202 41 patronnés
3234 6830 7 24 :
3279 6818 203 46 patronnés
3512 6815 108 39 diSe-

2638 6868 192 42 remment,
2847 6862 96 37 mais
2960 6862 270 50 puisammeut,
3265 6874 82 38 trop
3363 6862 259 50 puisammerit

2638 6922 76 26 ;ous
2745 6911 100 38 deux
2879 6921 70 40 par
2980 6910 68 38 des
3078 6917 179 44 pouvoirs
3283 6919 206 36 constitués
3503 6927 9 33 ;
3534 6924 85 39 trop

2638 6961 248 38 évidemment
2902 6972 48 26 en
2965 6964 228 42 possession,
3213 6965 36 38 le
3263 6968 165 43 premier
3445 6965 68 40 des
3536 6974 85 31 sut-
3662 6962 7 37 i

2645 7023 107 32 'rages
2771 7011 48 38 de
2852 7012 126 43 l'Etat,
2994 7010 33 38 le
3043 7014 139 37 second
3197 7014 67 41 des
3282 7018 181 40 suffrages
3478 7014 47 39 de
3543 7016 77 37 l'E-
3662 7024 7 14 1

2638 7061 99 49 ^lise.
3400 7056 20 10 "
3661 7067 8 31 t

2677 7111 50 36 La
2744 7110 345 40 recommandation
3105 7111 68 39 des
3197 7114 172 38 bureaux
3395 7116 48 38 de
3467 7113 152 49 préfec-
3661 7124 8 23 <

2646 7172 66 25 ,ure
2731 7172 95 27 nous
2843 7161 193 49 chagrine,
3053 7162 96 37 celle
3166 7163 47 37 do
3227 7166 33 37 la
3273 7169 170 37 sacristie
3457 7178 49 25 ne
3524 7176 96 30 nous

2638 7221 38 26 fa
2693 7212 128 47 guère.
3587 7236 8 6 -
3662 7211 7 36 I

2678 7261 81 44 Que
2776 7262 49 36 M.
2845 7263 138 46 Berger
3010 7262 189 47 s'associe,
3227 7266 169 46 pendant
3424 7267 33 37 la
3474 7268 144 37 session
3661 7262 8 35 1

2642 7310 197 48 égisl,ative
2851 7340 14 18 v
2879 7313 20 35 à
2919 7313 34 36 la
2970 7311 141 50 grande
3141 7313 178 49 politique
3336 7317 48 38 de
3407 7317 212 41 l'admuns-

2643 7360 136 47 ration,
2798 7372 43 25 ce
2859 7362 98 36 n'est
2974 7372 66 37 pas
3069 7362 39 36 là
3131 7372 44 27 ce
3193 7374 73 34 que
3283 7373 88 31 veut
3388 7367 146 44 l'esprit
3550 7365 66 43 des

2638 7409 218 42 ^rlements
2870 7411 140 42 établis,
3020 7422 94 37 pour
3128 7414 200 49 contieMer,
3347 7428 76 26 non
3436 7429 92 34 pour
3545 7429 72 34 ,ap-

2638 7467 151 30 prouver
2817 7464 244 34 servilement
3102 7462 37 35 la
3171 7464 143 45 gestion
3349 7465 68 39 des
3449 7468 164 37 affaires.
3655 7471 14 26 «

2638 7507 68 43 2ue
2727 7510 46 35 M.
2794 7508 46 38 de
2856 7511 154 36 Falloux
3026 7510 196 38 soutienne
3239 7515 23 35 à
3277 7514 33 36 la
3328 7516 288 45 tribuneyeom-
3656 7521 13 25 c

2639 7569 47 25 ne
2703 7559 26 35 il
2748 7560 46 35 l'a
2809 7559 173 37 célébrée
2999 7559 96 38 dans
3112 7567 61 30 ses
3192 7562 131 41 livres,
3344 7565 33 32 la
3396 7566 219 42 gr-andepo-

2640 7607 112 46 itique
2768 7611 166 35 romaine
2951 7608 90 38 d'un
3059 7611 99 35 saint
3177 7622 110 32 pape,
3314 7614 54 37 les
3388 7616 130 37 fidèles
3534 7617 81 36 s'en

2638 7652 241 50 'ditieraient,
2914 7659 96 35 mais
3054 7657 57 38 les
3144 7660 169 40 hommes
3356 7666 200 39 politiques
3590 7676 25 26 v
3654 7680 15 21 r

2638 7707 205 36 )Ourraient
2861 7713 153 31 trouver
3033 7709 19 34 à
3071 7707 139 40 redire.
3592 7707 12 8 *
3654 7703 15 52 J

2673 7755 47 36 Et
2736 7756 92 36 c'est
2840 7757 184 45 pourquoi
3042 7767 94 28 nous
3152 7759 203 41 voudrions
3372 7765 81 37 voir
3468 7775 41 25 se
3522 7775 92 30 pro-

2638 7803 110 48 luire,
2768 7806 20 35 à
2809 7805 34 36 la
2861 7807 201 47 prochaine
3080 7807 159 39 élection
3262 7809 46 38 de
3327 7814 288 37 Maine-et-Loi-

2644 7864 35 37 'e,
2708 7865 74 26 une
2813 7858 190 34 troisième
3036 7857 261 44 candidature,
3331 7861 95 38 libre
3453 7861 49 40 de
3532 7869 82 31 tous
3655 7895 14 10 t

2640 7904 95 46 iens,
2751 7903 162 49 dégagée
2931 7904 48 37 de
2995 7911 101 33 toute
3109 7908 187 44 gratitude
3313 7921 138 27 envers
3469 7912 34 35 le
3518 7923 97 29 pou-
3655 7944 14 10 (

2640 7953 67 35 'oir
2720 7964 8 36 ;
2749 7964 72 26 non
2839 7958 220 43 patronnée,
3078 7967 76 25 non
3179 7958 224 43 miraculée;
3429 7959 186 42 indépen-

2638 8003 97 35 lante
2753 8007 36 31 et
2800 8013 75 26 non
2887 8003 174 48 agréable
3072 8016 7 35 ;
3099 8006 229 39 I*rap<,,qiseet
3345 8020 71 26 non
3430 8012 179 37 romaine.
3656 7999 13 20 ;

2691 8054 139 34 DANIEL
2850 8053 132 36 STERN.

2784 8204 242 50 L'Orage
3053 8206 74 38 du
3159 8208 72 37 16
3251 8207 195 49 juillet

2672 8347 102 44 Hier,
2796 8358 88 26 vers
2901 8359 74 25 une
2994 8348 117 37 heure
3122 8349 47 36 de
3201 8349 268 49 câpres-midi,
3505 8351 105 37 Paris

2623 8406 20 25 a
2659 8397 56 35 été
2739 8397 208 44 enveloppé
2979 8408 92 31 avec
3101 8410 73 25 une
3209 8405 206 37 enrayante
3448 8401 162 42 rapidité

2623 8455 67 37 par
2702 8456 51 24 un
2765 8456 109 36 orage
2891 8443 112 39 d'une
3018 8447 169 36 violence
3205 8441 311 44 extraordinaire.
3534 8450 70 36 Les

2622 8504 140 37 nuages
2779 8495 66 47 qui
2865 8495 207 39 arrivaient
3088 8495 51 40 du
3156 8496 73 37 sud
3246 8497 196 46 acquirent
3458 8499 145 36 subite-

2624 8547 101 30 ment
2741 8552 73 25 une
2828 8543 194 44 épaisseur
3040 8545 32 35 si
3088 8545 154 45 grande,
3259 8556 74 34 que
3346 8544 74 37 l'on
3438 8545 56 36 fut
3509 8547 99 37 obli-

2623 8592 44 45 gé
2684 8588 196 38 d'allumer
2903 8591 35 36 le
2967 8603 64 34 gaz
3065 8592 94 38 dans
3189 8594 189 46 plusieurs
3409 8594 199 40 établisse-

2623 8643 120 32 ments
2760 8638 148 47 publics
2925 8646 38 30 et
2979 8640 95 36 dans
3090 8643 189 45 plusieurs
3312 8641 150 38 ateliers
3487 8645 67 37 des
3571 8646 34 37 le

2621 8696 317 28 commencement
2952 8688 47 37 de
3016 8689 34 35 la
3068 8694 223 35 tourmente.

2669 8737 57 35 En
2741 8735 182 43 quelques
2942 8737 158 38 instants
3131 8739 55 38 les
3217 8750 88 28 rues
3330 8737 127 39 furent
3483 8747 119 31 toutes

2622 8783 262 39 transformées
2895 8796 47 25 en
2952 8786 52 35 riv
3014 8787 94 35 ières
3120 8798 69 33 par
3200 8800 74 25 une
3286 8788 102 45 pluie
3397 8789 118 37 mêlée
3524 8792 82 34 d'é-

2619 8844 149 27 normes
2786 8832 161 48 grêlons.
2967 8834 49 36 Le
3033 8840 174 33 tonnerre
3223 8844 36 29 et
3275 8837 53 37 les
3345 8836 134 37 éclairs
3502 8841 103 35 écla-

2619 8885 116 35 taient
2768 8892 88 27 sans
2888 8882 262 48 interruption.
3183 8887 98 35 L'air
3310 8885 91 36 était
3433 8887 169 40 illuminé

2618 8944 68 37 par
2704 8932 66 39 des
2788 8931 126 39 lueurs
2940 8935 228 46 rougeâtres,
3186 8945 47 27 on
3254 8945 47 27 en
3320 8934 190 40 entendait
3528 8949 74 30 une

3706 589 88 38 effet
3810 591 220 37 émouvant.
4049 590 68 37 Les
4136 596 127 43 portes
4274 591 195 46 cochères,
4488 594 53 35 les
4555 593 163 48 galeries

3707 640 49 39 de
3780 639 37 39 la
3852 652 69 26 rue
3953 640 48 38 de
4034 641 140 49 Rivoli,
4211 644 145 37 é:a;enl
4387 646 249 35 encombrées
4670 643 48 38 de

3708 690 171 52 fuyards;
3899 697 39 32 et
3955 691 99 39 l'eau
4072 692 156 38 tombait
4245 705 94 26 avec
4354 705 77 27 une
4444 694 173 39 violence
4629 694 89 39 telle

3709 753 75 40 que
3801 743 57 37 les
3876 743 177 38 chevaux
4082 748 243 36 eux-mêmes
4353 744 232 42 semblaient
4611 748 107 37 avoir

3708 794 52 38 du
3779 792 76 40 mal
3874 796 22 35 à
3914 793 190 40 marcher.

3760 845 103 38 Dans
3881 845 193 50 plusieurs
4087 845 170 40 endroits
4275 857 98 29 nous
4405 858 120 29 avons
4551 862 49 26 vu
4620 851 99 37 très-

3708 896 289 39 distinctement
4019 896 69 39 des
4104 899 138 38 teintes
4265 898 192 40 violacées
4486 913 41 26 se
4547 907 171 33 montrer

3709 960 68 31 sur
3794 948 214 49 l'asphalte.
4029 949 59 38 On
4108 952 64 35 eût
4188 949 58 39 dit
4259 962 76 37 que
4356 952 32 36 la
4413 952 107 49 pluie
4537 953 182 39 devenait

3711 1000 212 43 lumineuse
3938 1011 48 26 en
4003 1012 40 26 se
4058 1000 179 38 heurtant
4250 1008 130 32 contre
4397 1002 35 39 le
4448 1005 70 37 sol.

3754 1051 71 38 Ces
3851 1051 132 38 lueurs
4014 1052 299 39 n'étaient-elles
4348 1056 121 47 qu'un
4504 1055 108 38 reGet
4650 1054 68 38 des

3708 1101 138 39 éclairs
3861 1102 67 50 qui
3946 1103 203 38 éclataient
4159 1104 98 39 dans
4278 1106 31 37 le
4326 1105 188 39 lointain?
4534 1106 66 38 Tel
4619 1106 101 38 n'est

3707 1164 71 38 pas
3800 1159 109 32 notre
3927 1154 97 38 avis.
4043 1156 59 37 En
4128 1155 102 46 effet,
4256 1156 93 37 elies
4367 1157 155 37 avaient
4536 1169 48 26 en
4602 1159 117 46 géné-

3709 1205 57 38 i,ai
3784 1204 35 37 la
3835 1203 121 39 forme
3973 1204 92 40 d'un
4078 1207 33 37 V
4127 1208 21 36 à
4166 1206 188 39 branches
4372 1208 176 45 courbes,
4567 1220 41 26 se
4628 1211 91 46 pré-

3707 1256 163 49 cipitant
3889 1255 34 38 la
3942 1258 128 44 pointe
4090 1269 47 27 en
4156 1265 118 32 avant
4288 1270 94 28 avec
4402 1272 75 26 une
4497 1260 221 48 incroyable

3709 1306 176 50 rapidité.

3758 1359 98 36 Pour
3885 1369 98 26 nous
4015 1370 47 26 en
4098 1370 168 39 assurer,
4299 1373 96 27 nous
4428 1374 95 27 nous
4554 1373 166 28 sommes

3709 1421 15 24 r
3739 1408 90 38 'ndu
3849 1410 19 36 à
3888 1409 36 38 la
3940 1409 110 48 place
4068 1409 47 38 de
4136 1411 34 37 la
4188 1412 84 37 Bast
4282 1411 62 38 ille
4370 1425 98 36 pour
4484 1413 184 38 observer
4685 1413 33 38 si

3709 1460 34 37 la
3759 1459 161 39 colonne
3946 1461 47 37 de
4018 1461 130 38 Juillet
4173 1474 49 26 ne
4246 1465 117 36 serait
4382 1466 107 44 point
4505 1465 215 47 également

3708 1511 196 38 illuminée
3915 1523 71 38 par
3997 1510 68 39 des
4082 1512 127 39 lueurs
4222 1521 217 43 provenant
4452 1516 48 37 de
4511 1515 208 41 véritables

3708 1569 180 54 ipourants
3905 1563 250 39 d'induction.

3758 1613 114 37 Notre
3893 1620 143 31 attente
4065 1615 61 37 n'a
4158 1626 71 36 pas
4257 1619 59 37 été
4352 1622 186 45 trompée,
4558 1627 39 31 eL
4620 1631 97 27 nous

3708 1673 120 28 avons
3847 1675 67 39 vu,
3946 1667 22 36 à
3987 1665 87 45 plus
4096 1666 48 38 de
4175 1667 66 38 dix
4278 1671 168 44 reprises
4476 1670 237 45 différentes,

3705 1713 70 39 des
3805 1715 137 39 teintes
3958 1717 116 39 violet
4092 1729 167 34 pourpre
4278 1721 195 39 illuminer
4485 1723 35 37 le
4539 1725 111 41 génie
4668 1721 48 39 de

3708 1764 37 39 la
3778 1765 149 41 liberté.
3955 1767 71 41 Ces
4044 1768 132 40 lueurs
4202 1782 48 26 ne
4269 1774 205 45 pouvaient
4491 1777 81 35 être
4589 1774 130 37 consi-

3708 1817 134 39 dérées
3869 1829 148 28 comme
4049 1820 36 37 le
4116 1821 139 50 simple
4286 1823 109 38 reflet
4426 1823 179 39 d'érlnir;:;
4622 1825 96 37 éloi-

3708 1871 108 48 gnés.

3759 1921 57 37 En
3834 1920 101 48 effet,
3950 1920 94 40 elles
4060 1922 196 49 passaient
4273 1928 125 34 toutes
4412 1935 70 33 par
4498 1923 35 39 le
4550 1925 108 48 point
4669 1924 46 38 où

3711 1971 34 38 le
3764 1971 120 39 Génie
3903 1973 172 45 s'appuie
4094 1984 66 27 sur
4180 1974 32 37 la
4230 1973 113 40 boule
4360 1978 66 44 qui
4445 1981 220 43 représente
4681 1976 35 38 le

3709 2022 149 39 monde.
3870 2024 97 37 Leur
3979 2024 97 38 éclat
4093 2026 93 37 était
4203 2028 123 36 même
4342 2027 270 48 sensiblement
4612 2027 104 48 plus

3709 2073 137 51 grand,
3877 2076 255 48 précisément
4149 2078 23 36 à
4193 2084 59 31 cet
4283 2078 163 39 endroit.
4480 2080 155 39 Comme
4666 2093 47 27 on

3708 2137 96 26 nous
3820 2137 22 26 a
3861 2125 126 39 refusé
4004 2127 156 37 l'entrée
4177 2128 47 38 de
4242 2130 33 36 ia
4305 2140 174 40 coionne,
4503 2144 98 27 nous
4631 2134 85 36 n'a-

3711 2188 92 26 vons
3818 2188 52 35 pu
3890 2189 96 26 nous
4019 2189 154 27 assurer
4191 2180 30 36 si
4243 2192 48 26 on
4309 2193 24 34 y
4367 2184 124 36 aurait
4523 2196 90 35 reçu
4645 2184 70 38 des

3708 2239 196 27 secousses
3932 2229 309 51 physiologiques
4273 2233 278 50 appréciables,
4569 2247 43 25 ce
4648 2236 66 47 qui

3707 2282 125 35 aurait
3848 2282 187 48 complété
4054 2282 35 35 la
4106 2282 314 39 démonstration.

3759 2331 154 37 Comme
3934 2343 47 25 on
3998 2330 36 38 le
4052 2333 87 46 sait,
4163 2334 113 37 l'effet
4290 2334 92 38 d'un
4398 2346 98 38 coup
4515 2334 48 39 de
4581 2335 133 39 foudre

3708 2392 52 26 un
3778 2393 74 36 peu
3888 2382 153 38 notable
4067 2394 42 27 se
4137 2383 70 43 fait
4231 2385 170 48 toujours
4420 2387 121 37 sentir
4571 2389 20 35 h
4629 2388 86 47 plu-

3707 2433 124 38 sieurs
3848 2433 221 38 kilomètres
4081 2440 135 33 autour
4233 2435 51 39 du
4303 2438 108 48 point
4428 2439 46 37 où
4496 2438 26 37 il
4539 2451 21 25 a
4579 2439 133 38 éclaté.

3708 2484 74 38 Des
3800 2493 178 30 courants
3994 2484 238 40 d'induction
4250 2491 143 36 excités
4408 2500 71 36 par
4503 2490 32 37 le
4553 2501 162 36 passage

3708 2536 46 37 de
3775 2536 33 36 la
3826 2535 132 39 foudre
3977 2544 229 43 parcourent
4222 2544 84 33 tous
4335 2540 57 38 les
4417 2552 112 39 corps
4547 2541 169 39 conduc-

3708 2592 118 43 teurs,
3847 2592 37 32 et
3902 2599 69 39 par
4001 2592 237 45 conséquent
4255 2597 85 32 tous
4359 2592 55 37 les
4432 2604 111 37 corps
4559 2595 154 37 vivants

3707 2639 66 48 qui
3790 2649 41 26 se
3850 2645 178 31 trouvent
4045 2640 97 37 dans
4161 2652 42 27 sa
4226 2642 138 49 sphère
4383 2643 176 39 d'action.

3756 2689 103 38 Cette
3894 2692 260 36 circonstance
4182 2694 182 49 explique
4397 2695 217 38 Finuuencc
4645 2697 64 37 in-

3705 2741 231 37 contestable
3951 2753 74 38 que
4039 2742 234 39 l'électricité
4291 2756 137 27 exerce
4447 2758 66 26 sur
4532 2747 54 38 les
4606 2747 107 39 fonc-

3708 2793 95 37 tions
3819 2791 208 51 digestiVes
4047 2800 35 30 et
4103 2796 281 49 respiratoires,
4405 2809 66 26 sur
4496 2798 34 37 la
4545 2799 166 37 circula-

3704 2843 92 49 tion,
3816 2848 195 44 peut-être
4023 2849 124 35 même
4164 2855 66 29 sur
4249 2846 53 38 les
4320 2860 159 36 organes
4497 2848 47 39 de
4563 2850 30 37 la
4613 2861 99 37 pen-

3703 2897 77 35 sée.

3754 2945 100 40 C'est
3874 2957 90 27 sans
3987 2946 114 40 doute
4127 2959 50 28 un
4209 2955 160 33 courant
4385 2949 49 40 de
4459 2956 99 33 cette
4576 2957 135 34 nature

3702 2997 67 49 qui
3785 3009 20 25 a
3821 2997 155 50 produit
3992 3002 31 34 la
4045 3006 98 33 mort
4160 2999 116 40 d'une
4292 3002 266 39 malheureuse
4570 3003 140 39 femme

3704 3047 203 52 foudroyée
3924 3050 170 49 pendant
4120 3051 140 48 l'orage
4288 3052 138 48 d'hier,
4446 3054 97 39 dans
4574 3056 34 37 la
4639 3067 69 27 rue

3700 3098 68 38 des
3785 3098 218 41 Cendriers.
4026 3103 39 37 Si
4079 3114 97 27 nous
4188 3116 164 28 sommes
4367 3105 89 39 bien
4471 3107 235 46 renseignés,

3701 3162 48 26 on
3766 3151 61 38 n'a
3857 3156 134 34 trouvé
4023 3165 149 27 aucune
4207 3155 120 40 lésion
4347 3164 209 39 apparente
4574 3170 67 27 sur
4672 3159 35 38 le

3700 3213 112 39 corps
3834 3201 48 39 de
3912 3203 36 38 la
3978 3205 156 39 victime
4154 3219 8 35 ;
4193 3208 97 38 mais
4321 3215 98 33 cette
4445 3210 261 38 circonstance

3699 3253 169 39 n'exclut
3894 3265 70 39 pas
3995 3255 111 40 l'idée
4136 3257 52 38 du
4207 3270 160 39 passage
4384 3260 48 38 de
4451 3261 245 39 l'électricité.

3752 3305 47 37 Le
3816 3310 178 33 tonnerre
4021 3313 58 32 f'sl
4094 3308 127 39 tombé
4240 3322 67 26 sur
4325 3322 51 26 un
4396 3312 121 43 grand
4547 3312 158 38 nombre

3698 3353 169 41 d'autres
3883 3358 127 48 points
4028 3357 213 50 différents,
4259 3368 38 31 et
4310 3373 21 26 a
4347 3362 155 48 produit
4513 3362 68 39 des
4598 3363 107 38 effets

3698 3408 94 49 qu'il
3810 3418 84 27 sera
3912 3409 230 39 intéressant
4156 3410 233 52 d'analyser.

3748 3458 29 38 Il
3795 3469 21 26 a
3832 3461 137 36 atteint
3986 3460 140 39 l'Ecole
4144 3461 48 38 de
4211 3461 113 49 droit,
4345 3466 20 35 à
4382 3464 158 38 l'entrée
4556 3464 52 39 du
4634 3464 71 38 btl-

3697 3510 136 37 timent
3849 3508 48 39 de
3915 3510 35 37 la
3967 3522 68 25 rue
4051 3511 159 40 Soufflot
4224 3518 38 33 et
4280 3525 20 26 a
4318 3516 101 37 suivi
4451 3516 34 37 la
4517 3517 186 45 gouttière

3697 3560 128 51 placée
3841 3561 88 49 près
3944 3560 48 38 de
4013 3562 34 37 la
4063 3571 108 39 porte
4189 3562 183 41 d'entrée.
4392 3566 109 39 Deux
4528 3575 174 39 passants

3695 3612 67 45 qui
3779 3612 58 49 s'y
3853 3612 143 38 étaient
4010 3613 143 39 abrités
4175 3626 49 26 en
4254 3622 66 32 ont
4348 3620 59 36 été
4438 3619 145 46 quittes
4607 3631 97 34 pour

3697 3675 73 25 une
3788 3664 164 37 violente
3969 3666 229 38 commotion

3746 3714 132 37 Est-ce
3896 3726 76 36 que
3990 3723 98 30 cette
4106 3716 244 41 observation
4384 3731 49 27 ne
4461 3720 144 39 semble
4634 3734 69 35 pas

3693 3776 168 37 prouver
3877 3767 95 49 qu'il
3989 3767 82 39 faut
4087 3768 170 50 toujours
4270 3771 202 47 prolonger
4490 3773 54 38 les
4557 3779 141 39 tuyaux

3693 3816 46 38 de
3756 3816 189 51 décharge
3965 3817 67 40 des
4051 3830 99 27 eaux
4166 3820 181 51 jusqu'au
4366 3825 53 35 sol
4441 3822 65 39 des
4527 3825 121 38 rues?

3744 3868 32 37 A
3793 3869 35 36 la
3848 3871 124 35 même
3987 3869 134 50 heure,
4141 3872 35 37 le
4196 3879 178 32 tonnerre
4398 3880 58 32 est
4488 3875 125 39 tombé
4633 3888 67 29 sur

3693 3918 34 37 la
3745 3920 132 45 prison
3893 3919 47 37 de
3960 3921 305 48 Sainte-Pélagie
4281 3930 39 31 et
4335 3937 67 26 sur
4422 3926 32 37 le
4471 3925 115 47 dépôt
4600 3926 47 38 de
4665 3928 32 37 la

3693 3970 215 38 Préfecture
3923 3971 48 38 de
3988 3973 137 49 police.
4148 3975 30 36 Il
4196 3979 127 43 paraît
4341 3977 95 45 qu'il
4458 3978 60 36 n'a
4546 3978 154 44 produit

3693 4031 123 27 aucun
3834 4020 112 50 dégât
3963 4026 39 34 ni
4031 4023 98 40 dans
4150 4025 79 38 l'un
4245 4027 39 37 ni
4303 4026 97 39 dans
4419 4028 135 38 l'autre
4572 4028 48 39 de
4636 4041 62 27 ces

3693 4070 98 39 deux
3809 4073 322 40 établissements.

3741 4124 49 36 Le
3809 4132 177 31 tonnerre
4014 4138 21 26 a
4074 4127 111 38 visité
4204 4127 35 38 la
4261 4128 181 49 boutique
4461 4129 92 39 d'un
4572 4132 126 34 hor1o-

3693 4184 77 40 ger,
3792 4186 68 27 rue
3896 4175 251 49 Oberkampf,
4182 4181 44 35 n°
4261 4180 86 37 154.
4382 4181 30 37 Il
4444 4186 125 39 paraît
4602 4184 93 43 qu'il

3693 4226 87 37 s'est
3797 4225 119 39 borné
3935 4229 20 36 à
3972 4227 179 45 déplacer
4168 4234 166 35 certains
4359 4231 121 45 objets
4505 4240 37 32 et
4563 4245 75 33 que
4655 4246 39 26 sa

3693 4277 109 38 visite
3818 4288 20 26 a
3858 4280 59 36 été
3936 4279 239 39 inoffensive.

3738 4328 61 38 Un
3830 4328 112 38 arbre
3972 4341 22 26 a
4025 4332 58 37 été
4107 4330 101 39 brisé
4224 4344 70 28 par
4322 4345 51 26 un
4397 4341 108 31 autre
4523 4346 99 32 coup
4646 4335 48 39 de

3693 4376 128 41 foudre
3854 4391 67 26 sur
3954 4380 36 38 le
4023 4381 212 40 boulevard
4266 4385 349 45 Bonne-Nouvelle,
4643 4399 49 22 au
4736 4388 7 24 <

3702 4429 69 38 .,oiri
3792 4428 47 39 de
3858 4431 35 37 la
3913 4442 69 27 rue
4000 4433 213 49 Mazagran,
4233 4435 50 37 Le
4310 4435 59 38 fer
4383 4435 47 39 de
4451 4437 36 37 la
4506 4438 146 38 clôture
4671 4450 21 25 a

3693 4482 52 36 jté
3775 4481 106 38 roulé
3903 4493 49 27 en
3982 4484 282 39 tire-bouchon.
4298 4487 51 38 Ce
4370 4495 248 33 mouvement
4646 4489 47 39 de
4737 4497 6 16 *

3693 4531 135 49 spirale
3849 4534 176 46 imprimé
4051 4546 71 35 par
4137 4537 36 36 la
4192 4536 133 39 foudre
4343 4544 59 32 est
4420 4550 52 26 un
4488 4540 89 38 effet
4594 4543 99 36 très-

3698 4582 162 50 ;U!'ieux,
3885 4585 65 49 qui
3984 4596 22 26 a
4025 4588 60 35 été
4102 4591 170 35 constaté
4292 4586 95 41 dans
4419 4601 74 27 une
4512 4591 102 40 foule
4645 4592 48 39 de

3693 4635 276 38 circonstances
3986 4635 235 41 différentes.
4737 4641 6 23 1

3736 4685 101 37 Nous
3855 4685 127 39 ferons
4001 4699 225 33 remarquer
4237 4701 75 31 que
4331 4690 56 39 les
4403 4703 119 31 coups
4539 4692 49 40 de
4605 4693 86 39 fou-
4735 4694 8 23 (

3693 4732 58 42 Ire
3776 4735 48 38 de
3855 4743 99 32 cette
3985 4742 139 35 année"
4141 4739 202 40 sembient'
4361 4750 169 32 montrer
4548 4756 76 29 que
4657 4746 34 33 la
4737 4735 6 32 '

3693 4783 134 50 |iéorie
3861 4787 67 38 des
3948 4796 293 41 paratonnerres
4259 4798 59 32 est
4350 4793 76 38 loin
4456 4794 148 40 d'avoir
4635 4795 53 39 dit
4734 4786 9 34 *

3693 4841 60 34 ion
3788 4836 155 40 dernier
3975 4847 91 31 mot.
4104 4835 221 55 Cependant
4360 4843 224 41 VAcadémie
4629 4846 63 38 des

3693 4888 167 48 \ciences,
3877 4890 66 49 qui
3963 4892 103 36 avait
4082 4893 146 46 promis
4246 4906 52 25 un
4329 4902 157 37 rapport
4503 4899 21 34 a
4541 4897 34 36 la
4593 4898 97 37 suite
4735 4897 8 15 v

3694 4937 36 39 le
3751 4939 137 46 l'orage
3903 4939 51 38 du
3970 4943 22 36 8
4009 4943 113 44 avril,
4140 4944 60 37 n'a
4221 4944 106 46 point
4344 4957 137 27 encore
4494 4946 124 39 demmi
4637 4949 32 36 si
4736 4955 7 17 '

3693 4999 62 43 l^ne
3772 4988 48 38 de
3838 4991 75 37 vie.
4733 4999 10 36 j;

3732 5039 50 37 Le
3813 5046 176 33 tonnerre
4015 5042 17 36 f
4051 5054 141 32 appera
4224 5055 90 28 sans
4331 5045 114 40 doute
4478 5048 89 42 plus
4597 5047 90 39 d'un
4735 5057 8 8 "

3693 5088 162 41 iabitant
3879 5090 48 39 de
3958 5092 107 38 Paris
4097 5099 219 44 avant'epie
4344 5096 59 38 les'
4429 5099 190 35 membres
4642 5100 47 34 de
4735 5113 8 13 ?

3693 5141 170 39 -'Institut
3883 5142 208 40 cherchent
4110 5147 19 39 à
4157 5145 161 40 deviner
4335 5151 199 42 pourquoi.
4555 5172 51 6 ?
4624 5151 49 35 W
4736 5164 7 12 '

3693 5203 35 26 )E
3745 5192 219 40 Fonvieli.e.

3737 5316 111 41 Nous
3863 5317 142 46 prions
4037 5332 75 28 nos
4128 5318 186 45 abonnés
4339 5322 52 41 de
4410 5324 177 45 prendre
4615 5338 70 34 pa-

3684 5370 131 42 tience
3837 5386 104 41 pour
3972 5373 189 45 l'ATLAS
4182 5390 80 40 que
4280 5392 104 28 nous
4417 5380 190 46 donnons
4635 5396 48 27 en
4729 5406 14 21 c

3682 5428 145 55 prime.
3859 5429 57 40 La
3940 5431 155 53 grande
4130 5434 187 53 quantité
4344 5434 340 44 d'abonnements
4729 5455 14 24 c

3681 5497 80 42 que
3780 5498 104 29 nous
3912 5499 198 30 recevons
4140 5498 169 44 apporte
4338 5491 344 42 nécessairement
4729 5494 14 36 I

3681 5555 55 27 un
3754 5541 135 42 retard
3907 5542 104 42 dans
4027 5542 38 42 le
4082 5544 172 43 service.

3738 5718 90 66 LE
3876 5710 368 78 BULLETIN
4292 5722 96 68 DU
4434 5724 186 68 JOUR

3864 5890 64 46 LE
3964 5890 198 48 MONDE
4204 5892 298 56 POLITIQUE

3726 5996 48 36 M.
3796 5995 134 48 Borde,
3955 5997 172 40 membre
4162 5997 54 39 du
4244 6001 143 37 conseil
4423 6000 153 47 général
4607 5999 65 39 der-

3675 6045 411 48 Bouehes-du-Rhône,
4102 6046 92 41 dont
4214 6061 75 26 une
4308 6052 236 45 irrégularité
4570 6062 105 27 com-

3674 6096 89 49 mise
3763 6096 89 49 par
3869 6107 76 27 une
3963 6108 201 33 commune
4183 6106 104 33 avait
4321 6101 68 37 fait
4419 6102 162 37 annuler
4603 6102 69 36 l'é-

3675 6146 152 48 lection.
3846 6149 105 36 vient
3968 6143 121 43 d'être
4106 6149 106 39 réélu
4229 6153 22 35 à
4280 6161 75 27 une
4379 6152 184 38 immense
4592 6164 82 26 ma-

3669 6196 112 48 jorité
3800 6201 37 32 et
3852 6208 77 27 aux
3946 6198 270 42 acclamations
4230 6199 48 40 de
4291 6206 81 32 tout
4386 6201 34 37 le
4433 6208 149 32 canton.
4602 6203 70 38 Ces

3672 6246 268 40 acclamations
3957 6261 49 26 ne
4022 6250 256 50 s'expliquent
4293 6259 68 41 pas
4376 6252 212 40 seulement
4603 6264 70 36 par

3673 6298 33 35 ta
3720 6298 102 46 juste
3837 6299 212 49 popularité
4065 6299 92 44 dont
4168 6301 98 47 jouit
4286 6301 87 38 l'élu
4399 6301 52 39 du
4470 6309 138 37 canton
4625 6304 42 38 de

3671 6348 108 40 Trets
3798 6360 8 38 ;
3828 6348 93 39 elles
3940 6350 257 49 s'expliquent
4212 6362 136 27 encore
4366 6363 70 35 par
4471 6352 55 39 les
4556 6358 113 43 espé-

3671 6408 132 27 rances
3820 6400 67 43 qui
3903 6400 225 42 s'attachent
4144 6400 23 42 à
4179 6412 69 27 son
4267 6404 134 37 avenir
4418 6400 250 49 politique,!le

3666 6447 87 48 jour
3764 6449 60 38 ,où
3858 6447 208 41 le'scrutin
4094 6452 190 41 s'ouvrira
4319 6456 21 35 à
4368 6455 191 37 Marseille
4574 6461 97 36 pour

3669 6496 166 42 d'autres
3851 6500 196 39 élections.

3715 6637 106 38 Deux
3841 6644 107 32 cents
3966 6638 251 46 Américains,
4238 6639 169 39 résidant
4425 6643 19 35 à
4463 6642 120 44 Paris,
4599 6650 66 32 ont

3662 6684 122 42 invité
3801 6688 37 38 le
3856 6689 41 36 7e
3913 6692 187 43 régiment
4112 6691 48 37 de
4179 6691 35 37 la
4229 6690 127 38 milice
4373 6693 292 46 new-yorkaise

3664 6737 22 36 à
3711 6748 41 27 se
3771 6738 135 38 rendre
3925 6738 97 39 dans
4041 6742 33 36 la
4092 6741 162 49 capitale
4272 6740 48 38 de
4349 6741 36 37 la
4416 6742 144 40 France
4587 6744 52 38 du

3664 6794 87 32 rant
3768 6788 250 50 l'Exposition
4034 6790 48 37 de
4100 6791 114 37 1867.

3711 6914 50 37 I.e
3789 6921 156 43 rapport
3970 6916 48 37 de
4051 6917 49 38 M,
4134 6916 45 37 E.
4209 6915 49 39 de
4287 6918 136 40 Parieu
4459 6920 159 38 adressé
4641 6922 20 35 à

3662 6962 236 48 l'Empereur
3926 6978 67 25 sur
4010 6966 36 37 la
4064 6967 122 37 caisse
4213 6967 69 38 des
4313 6971 175 37 retraites
4511 6982 97 33 pour
4627 6970 33 38 la

3662 7013 189 40 vieillesse
3870 7022 39 32 et
3932 7015 130 49 publié
4077 7016 83 38 hier
4177 7029 69 37 par
4273 7019 35 37 le
4330 7020 203 47 Moniteur,
4550 7031 91 27 cons

3661 7067 75 33 tate
3768 7077 74 33 que
3876 7066 148 36 l'année
4057 7067 97 37 1865
4187 7079 22 26 a
4243 7070 81 42 pris
4348 7081 135 26 encore
4503 7082 51 25 un
4571 7071 88 44 plus

3660 7114 119 46 grand
3797 7127 104 26 essor
3919 7126 88 27 sous
4024 7114 220 43 l'influence
4261 7117 48 39 de
4328 7118 36 38 la
4387 7119 49 38 loi
4455 7119 51 38 du
4536 7121 22 36 4
4583 7122 74 36 mai

3665 7163 108 38 1864.
3802 7165 371 43 Comparativement
4190 7170 21 35 à
4242 7168 150 38 l'année
4419 7169 237 44 précédente,

3662 7211 307 50 l'augmentation
3987 7227 66 27 sur
4072 7216 55 38 les
4145 7229 166 30 sommes
4325 7222 152 38 versées
4496 7230 21 26 a
4533 7222 59 35 été
4609 7221 49 38 de

3661 7261 45 37 15
3723 7264 84 47 0/0,
3825 7271 37 30 et
3877 7265 35 36 le
3929 7265 158 38 nombre
4105 7266 67 39 des
4190 7275 236 31 versements
4438 7269 90 37 s'est
4544 7281 112 26 accru

3657 7309 48 39 de
3721 7314 22 35 8
3765 7314 71 44 1/2
3855 7315 87 43 0/0.
3960 7315 51 38 La
4030 7315 204 40 différence
4249 7325 106 32 entre
4372 7328 65 27 ces
4448 7318 103 39 deux
4568 7331 90 34 pro-

3657 7363 169 47 portions
3850 7376 40 25 se
3923 7363 141 39 traduit
4091 7377 71 36 par
4194 7378 74 26 une
4299 7366 283 47 augmentation
4602 7369 50 39 du

3656 7411 132 38 chiffre
3805 7424 135 37 moyen
3959 7413 68 38 des
4042 7423 238 33 versements
4306 7419 82 44 qui,
4408 7416 48 39 de
4471 7421 45 36 21
4538 7419 49 38 fr.
4608 7421 44 35 67

3655 7471 34 26 c.
3712 7472 47 26 en
3778 7462 111 44 1863,
3910 7462 46 38 de
3976 7465 47 37 25
4043 7464 49 38 fh
4115 7467 46 36 65
4181 7473 34 31 C.
4242 7476 46 28 en
4308 7468 113 43 1864,
4443 7474 58 32 est
4528 7473 126 35 monté

3656 7521 48 27 en
3721 7510 97 40 1865
3834 7515 21 35 à
3875 7514 46 37 27
3941 7513 47 39 fr.
4009 7515 47 36 20
4077 7526 35 26 c.

3704 7621 250 50 L'Empereur
3972 7634 22 26 a
4012 7626 146 46 enVeyé
4177 7624 142 47 20,000
4340 7626 46 37 fr.
4403 7629 27 35 ii
4465 7626 188 39 Marseille

3655 7680 95 37 pour
3780 7671 275 41 l'achèvement
4088 7672 53 39 du
4179 7676 216 38 sanctuaire
4429 7675 49 39 de
4512 7677 133 40 NQtre-

3655 7717 234 43 Dame-dc-la
3889 7717 171 43 Garde.
4077 7726 10 23 ?"

3704 7836 48 36 Le
3771 7834 194 40 Mémorial
3986 7835 66 39 des
4081 7838 273 40 Deux-Sèvres
4371 7839 96 41 dans
4485 7841 54 37 les
4557 7852 85 34 per-

3655 7895 139 31 sonnes
3822 7885 51 37 de
3899 7885 84 39 MM.
4010 7888 157 39 Mercier
4183 7894 38 31 et
4239 7889 212 43 Delavault,
4479 7896 72 37 est,
4581 7901 60 33 pai

3655 7935 143 44 exploit
3812 7944 46 25 en
3878 7932 85 38 date
3979 7932 52 40 du
4051 7934 46 39 13
4112 7933 221 49 juiliet.cité
4348 7941 20 35 à
4385 7941 261 42 comparaître,

3656 7981 181 38 vendredi
3860 7983 183 46 prochain
4062 7987 47 36 20
4126 7995 170 39 courant,
4313 7988 141 37 devant
4475 7990 33 34 le
4527 7988 100 38 tribu

3655 8033 60 39 nal
3745 8033 272 37 {Correctionnel
4044 8034 50 40 de,
4115 8036 120 45 Niort,
4257 8041 20 33 à
4308 8048 91 26 onze
4428 8036 137 37 heures
4596 8038 49 37 du

3655 8080 131 50 matin,
3805 8082 22 34 à
3846 8079 113 40 l'effet
3983 8083 47 37 de
4048 8084 188 46 répondre
4264 8097 66 26 sur
4344 8088 88 42 cinq
4448 8085 112 38 délits
4578 8098 63 34 qui

3655 8130 53 41 lui
3725 8135 86 30 sont
3826 8130 163 48 imputés
4005 8143 96 38 pour
4117 8135 88 47 cinq
4232 8134 151 38 articles
4409 8135 66 47 qui
4505 8139 141 37 consti-

3655 8180 181 35 tueraient
3853 8180 67 36 des
3940 8183 332 47 comptes-rendus
4304 8183 68 37 des
4403 8187 155 34 séances
4590 8187 49 36 du

3655 8228 117 47 Gorps.
3788 8228 179 47 législatif
3979 8239 126 30 autres
4118 8243 75 36 que
4209 8243 97 25 ceux
4322 8231 150 38 dressés
4491 8234 22 36 à
4532 8234 35 36 la
4587 8235 51 37 fin

3655 8280 43 33 de
3711 8278 148 43 chaque
3874 8281 137 36 séance
4027 8291 72 33 par
4124 8281 53 37 les
4195 8282 103 36 soins
4312 8280 51 36 du
4379 8282 213 44 président,
4606 8288 49 33 ei'*

3655 8324 125 38 datent
3797 8330 31 31 le
3844 8329 165 44 premier
4022 8329 52 37 du
4091 8332 23 34 8
4131 8331 91 44 mai,
4239 8330 35 35 le
4292 8328 198 39 deuxième
4512 8330 52 38 du
4594 8335 43 35 2,%

3655 8374 85 46 mai,
3760 8373 35 36 le
3810 8376 189 38 troisième
4014 8377 52 37 du
4085 8380 22 36 2
4120 8379 100 43 juin,
4242 8380 32 34 le
4292 8380 212 44 quatrième
4519 8380 51 39 du
4591 8384 45 36 16

3655 8423 90 47 juin,
3763 8422 33 36 le
3811 8424 213 50 cinquième
4042 8427 51 38 du
4114 8429 46 35 19
4177 8427 97 47 juin.

3697 8544 57 37 On
3785 8555 21 25 a
3834 8545 67 40 fait
3929 8549 35 36 le
3996 8550 120 39 calcul
4138 8550 156 38 suivant
4322 8560 48 26 au
4393 8552 100 43 sujet
4526 8553 47 36 de
4603 8555 32 34 la

3655 8593 144 38 marche
3813 8593 67 39 des
3895 8603 153 44 troupes
4075 8601 242 46 prussiennes
4334 8599 136 48 depuis
4485 8604 34 35 le
4535 8616 100 26 com-

3655 8651 227 32 mencement
3903 8646 47 39 de
3966 8648 34 37 la
4017 8660 149 31 guerre,
4185 8647 240 39 c'est-à-dire
4440 8651 135 41 depuis
4602 8655 34 36 le

3655 8694 38 36 fi
3706 8691 112 46 juin:

3693 8740 166 39 L'armée
3875 8747 226 43 prussienne
4119 8757 20 26 a
4157 8747 140 46 occupé
4317 8746 72 37 612
4408 8749 124 38 milles
4549 8762 84 26 car-

3655 8792 48 34 'és
3720 8791 295 52 géographiques
4031 8795 200 49 (Hanovre,
4243 8796 72 36 898
4327 8806 8 34 ;
4349 8796 182 48 Holstein,
4544 8802 86 41 155;

3655 8843 444 47 Jesse-Electorale,174;
4119 8845 111 45 Saxe,
4250 8844 88 46 271;
4358 8845 270 45 Bohême.314;
4673 8856 10 25 c

3655 8897 79 27 ivec
3752 8889 207 47 7,109,000
3975 8892 220 46 habitants).
4676 8898 6 32 I

3691 8936 76 38 Ont
3782 8941 59 35 été
3872 8941 81 50 pris
3973 8954 7 25 :
4018 8944 72 36 220
4125 8940 166 40 bouches
4310 8943 21 37 à
4348 8941 78 50 feu,
4446 8944 93 40 dont
4557 8946 72 37 200
4672 8955 11 24 i

4760 607 74 25 une
4852 600 173 47 quantité
5046 598 186 38 immense
5263 598 48 39 de
5330 603 211 36 munitions
5578 603 193 39 Bnoulre.

4748 648 154 50 ,Ô<).000
4918 649 241 50 p'risenDiers
5175 657 34 32 pt'i!:ent'!erse:
5230 651 116 39 6.000
5378 653 173 39 c.V.vai;*

4759 698 68 39 bés
4844 710 109 27 entre
4971 710 56 27 jes
5043 701 125 37 mains
5183 700 69 39 dl:'')
5268 701 144 41 soldais
5429 715 214 39 prw:,siens.

4811 828 51 39 Iji
4881 824 181 45 Nouvelle
5082 830 131 41 Presse
5248 831 95 41 libre
5369 832 49 40 de
5449 834 148 41 Vienne
5616 838 155 39 soulève

4760 892 75 26 une
4853 882 178 49 question
5047 883 69 51 qui
5133 895 40 27 se
5192 884 170 39 rattache
5389 888 21 36 à
5431 886 35 39 la
5486 888 150 39 cession
5668 889 48 39 de
5735 890 34 38 la

4759 932 160 38 Vénétie
4951 944 71 39 par
5043 935 223 39 l'Autriche.
5297 937 97 46 Quel
5425 937 80 40 doit
5536 943 80 35 être
5643 941 33 38 le
5693 949 79 32 sort

4758 982 69 39 des
4843 985 245 49 contingents
5105 988 152 38 italiens
5275 989 67 44 qui
5360 988 80 40 font
5454 992 126 43 partie
5615 992 47 39 de
5678 994 93 38 l'ar-

4759 1037 84 36 mée
4861 1033 296 43 autrichienne?
5176 1039 71 39 Ces
5258 1041 243 44 contingents
5517 1042 178 46 forment,
5708 1057 63 26 se-

4761 1087 61 38 lon
4836 1086 35 39 la
4890 1088 179 40 Nouvelle
5088 1091 135 38 Presse
5238 1090 110 45 libre,
5365 1100 85 40 sept
5476 1095 207 41 régiments
5702 1109 69 26 ex-

4759 1138 257 41 clusivement
5031 1144 175 36 recrutés
5220 1145 20 35 à
5261 1143 140 39 Venise
5434 1152 37 32 et
5497 1144 96 40 dans
5623 1147 35 38 le
5673 1160 98 31 qtla-

4758 1189 183 41 driiètère
4960 1204 11 33 ;
4991 1191 49 39 ils
5058 1200 86 31 sont
5162 1192 175 41 devenus
5353 1195 168 47 français
5542 1209 69 34 par
5636 1200 34 37 Je
5702 1199 69 38 fait

4759 1241 47 39 de
4826 1242 34 38 la
4877 1244 151 37 cession
5048 1243 48 38 de
5117 1244 33 37 la
5186 1245 160 38 Vénétie
5362 1248 21 36 à
5400 1248 32 37 la
5452 1249 161 44 France,
5648 1257 38 28 et
5699 1262 76 35 par.

4759 1297 237 46 conséquent
5014 1295 47 37 ils
5076 1307 49 26 ne
5134 1303 169 42 peuvent
5319 1297 88 49 plus
5423 1306 121 32 rester
5557 1313 48 25 au
5623 1302 147 38 service

4759 1344 92 39 d'un
4866 1355 297 39 gouvernement
5178 1348 68 50 qui
5261 1349 144 38 leurest
5418 1350 213 41 désormais
5640 1357 130 35 étrati-

4760 1407 80 36 ger.
4857 1396 82 45 Que
4958 1408 47 26 va
5030 1404 86 31 t-on
5131 1398 97 38 faire
5244 1397 48 40 de
5307 1412 64 26 ces
5389 1407 168 42 troupes,
5578 1411 51 33 et,
5644 1418 48 25 en
5710 1412 59 31 at-

4760 1447 158 38 tendant
4935 1448 116 50 qu'on
5063 1449 54 38 ait
5131 1450 81 44 pris
5231 1463 74 25 une
5312 1451 170 42 décision
5495 1458 19 34 à
5536 1456 82 38 leur
5635 1456 131 43 égard,

4759 1499 66 50 qui
4847 1497 79 41 doit
4942 1502 183 48 pourvoir
5138 1503 20 37 à
5174 1501 84 39 leur
5275 1506 185 39 entretien
5480 1508 18 38 ?

4811 1618 47 38 Le
4878 1622 143 37 conseil
5043 1621 142 40 fédéral
5201 1625 124 37 suisse
5343 1636 22 26 a
5383 1631 105 39 tfmu,
5510 1627 34 37 le
5566 1628 40 37 il
5626 1629 141 45 juillet,

4760 1681 74 27 une
4850 1675 138 34 séance
5003 1673 304 38 extraordinaire
5323 1674 98 39 dans
5441 1678 163 44 laquelle
5618 1680 26 36 il
5663 1691 20 27 a
5702 1679 68 39 dé-

4757 1721 85 38 cidé
4875 1721 49 39 de
4956 1722 211 39 demander
5198 1726 20 36 à
5245 1725 250 40 Fa'3sembléc
5524 1728 169 41 fédérale
5720 1744 49 26 un

4757 1771 124 40 crédit
4892 1772 49 39 de
4961 1774 210 49 3.300,000
5205 1775 130 39 francs
5353 1789 97 36 pour
5468 1779 138 40 l'achat
5619 1783 49 37 de
5685 1785 46 38 30
5748 1787 20 36 à

4760 1823 142 46 40,000
4918 1823 112 40 fusils
5045 1835 42 28 se
5101 1826 210 47 chargeant
5337 1841 71 34 par
5440 1830 36 39 la
5494 1832 167 40 culasse,
5687 1836 80 37 sui-

4761 1880 91 31 vant
4869 1873 36 38 le
4917 1876 167 49 système
5101 1879 224 39 anr)éri''nin.

4809 1998 69 40 Les
4895 1997 174 43 chevaux
5100 2001 47 39 de
5166 2008 136 47 troupe
5320 2006 82 49 qui,
5422 2005 138 50 depuis
5578 2008 35 39 la
5633 2020 134 35 guerre

4757 2053 163 49 d'Italie,
4938 2060 86 31 sont
5050 2054 130 50 placés
5207 2056 92 38 chez
5321 2059 52 37 les
5391 2060 267 47 cultivateurs,
5677 2069 92 31 vont

4757 2105 161 37 devenir
4937 2105 34 37 la
4988 2108 192 45 propriété
5196 2107 47 39 de
5261 2120 98 27 ceux
5371 2112 66 45 qui
5459 2111 54 38 les
5528 2111 221 41 détiennent
5758 2144 7 8 .

4760 2155 100 37 Dans
4878 2155 103 38 deux
5000 2169 46 25 ou
5068 2159 92 37 'rois
5181 2160 109 42 mois,
5312 2162 24 36 il
5358 2174 21 28 y
5395 2174 93 27 aura
5504 2170 86 35 sept
5605 2176 70 26 ans
5693 2177 75 30 que

4758 2205 10 36 1
4784 2205 311 40 administration
5119 2209 56 38 les
5194 2222 20 25 a
5234 2212 140 38 confiés
5393 2224 77 27 aux
5496 2216 270 43 agriculteurs,

4757 2263 37 31 et
4813 2257 8 36 i
4839 2268 46 26 on
4904 2258 73 37 sait
4995 2262 178 46 qu'après
5198 2267 85 43 sept
5314 2274 71 28 ans
5408 2264 48 37 ils
5480 2264 232 42 deviennent
5729 2268 38 38 la

4759 2310 190 49 propriété
4968 2308 48 40 de
5034 2322 96 26 ceux
5150 2314 66 48 qui
5236 2313 56 38 les
5311 2320 61 32 ont
5394 2316 165 51 soignés.

4956 2479 66 48 LE
5071 2481 195 49 MONDE
5315 2484 252 50 PARISIEN

4807 2570 49 37 Le
4871 2570 134 50 prince
5031 2578 37 32 et
5087 2572 34 38 la
5141 2575 197 45 princesse
5353 2575 48 40 de
5422 2577 341 48 Slesvig-Holstein

4757 2631 47 28 ne
4821 2627 203 44 passeront
5042 2625 20 35 à
5083 2623 104 40 Paris
5214 2628 143 49 qu'une
5386 2627 151 42 dizaine
5567 2631 48 38 eîe
5639 2633 121 48 jours.

4809 2672 88 39 Hier
4916 2674 92 47 soir,
5027 2675 25 36 il
5072 2687 23 38 y
5111 2678 105 36 avait
5229 2678 123 49 grand
5370 2679 112 40 dîner
5501 2695 46 26 en
5566 2684 84 37 leur
5669 2684 97 38 hon-

4757 2735 95 27 neur
4867 2727 19 36 h
4907 2725 252 40 l'ambassade
5180 2727 274 52 d'Angleterre.

4805 2845 61 37 On
4884 2856 173 28 annonce
5076 2847 35 37 le
5129 2849 169 46 mariage
5318 2848 51 39 du
5402 2854 132 44 prince
5565 2855 194 39 Marcellin

4753 2896 259 50 Czartoryski,
5033 2897 60 39 fils
5112 2901 144 46 unique
5273 2900 50 38 du
5342 2904 131 44 prince
5488 2905 220 39 Atexandre
5725 2917 31 27 et

4752 2946 48 38 de
4831 2947 234 51 Marcelline,
5085 2951 198 49 princesse
5316 2953 216 44 Radziwiil,
5553 2968 94 27 avec
5682 2957 78 39 Mlle

4754 2999 114 38 Marie
4885 2998 48 38 de
4952 3000 138 47 Riquet
5116 3000 48 39 de
5194 3003 186 39 Caraman
5416 3006 47 37 de
5494 3008 174 43 Chimay,
5686 3009 75 38 fille

4751 3049 52 39 du
4818 3050 63 38 feu
4896 3051 135 47 prince
5048 3052 151 39 Gabriel
5219 3054 48 38 de
5284 3055 162 49 Chimay
5461 3064 38 33 et
5527 3058 47 38 de
5601 3058 80 39 ]Ulle
5697 3061 63 38 Jo-

4751 3102 159 50 séphine
4927 3102 47 38 de
4990 3104 139 48 Riquet
5140 3103 48 40 de
5201 3105 202 42 Caraman.
5421 3110 49 37 Le
5490 3111 167 42 mariage
5673 3123 83 27 sera

4748 3153 150 39 célébré
4917 3165 48 27 au
4981 3155 161 39 château
5161 3156 47 39 de
5228 3158 175 53 Chimay,
5424 3173 47 26 en
5491 3151 195 62 Relique.

4799 3206 48 38 Le
4865 3207 133 49 prince
5015 3208 196 38 Marcellin
5232 3210 241 49 Czartoryski
5497 3220 58 32 est
5571 3218 47 35 né
5642 3215 35 38 le
5708 3217 46 37 30

4748 3258 75 37 mai
4844 3258 114 37 1841.

4798 3375 81 51 Mgr
4896 3374 48 40 de
4962 3375 151 40 Mérode
5130 3383 59 32 est
5204 3380 100 48 parti
5320 3390 98 40 pour
5433 3380 138 53 Vichy.

4797 3498 49 39 Le
4865 3502 131 37 musée
5015 3501 150 41 chinois
5183 3500 51 42 du
5253 3502 161 44 Louvre,
5435 3508 66 40 qui
5522 3518 41 27 se
5580 3519 174 31 compose

4745 3548 200 41 d'environ
4981 3553 134 48 10,000
5149 3553 122 48 objets
5306 3561 37 33 et
5369 3563 72 41 est,
5460 3560 295 38 incontestable-

4747 3608 118 44 ment,
4886 3603 78 38 l'un
4997 3602 67 40 des
5099 3605 88 47 plus
5223 3606 127 41 riches
5381 3607 53 40 du
5469 3610 156 44 monde,
5648 3613 103 37 vient

4744 3652 120 40 d'être
4881 3661 136 33 ouvert
5031 3667 47 27 au
5096 3657 146 50 public.

4793 3781 85 38 M?e
4912 3782 35 38 la
4976 3788 188 33 comtesse
5196 3783 47 38 de
5278 3784 140 48 Ludre,
5450 3790 71 35 née
5546 3787 47 39 de
5613 3790 136 44 Salles,

4745 3844 121 27 veuve
4880 3832 52 39 du
4958 3835 191 37 maréchal
5169 3835 49 38 de
5236 3848 126 35 camp,
5390 3848 126 30 comte
5533 3839 48 39 de
5611 3841 136 44 Ludre,

4743 3884 106 37 vient
4863 3883 48 39 de
4927 3886 145 37 mourir
5087 3888 20 35 à
5127 3887 93 51 l'âge
5233 3887 47 38 de
5297 3891 349 50 quatre-vingt-six
5661 3905 83 26 ans.

4791 3935 103 38 Nous
4928 3946 218 40 apprenons
5177 3940 214 48 également
5423 3941 35 38 la
5491 3930 97 50 niort
5620 3944 46 37 de
5695 3946 48 36 M.

4743 3985 216 40 Baudesson
4977 3987 48 39 de
5042 3988 254 51 Riche^bourg,
5322 3992 136 38 ancien
5487 3996 257 37 commissaire

4743 4038 45 37 de
4809 4037 33 39 la
4861 4039 143 37 Bourse
5020 4038 47 38 de
5083 4040 121 46 Paris,
5225 4043 19 35 à
5264 4043 96 46 l'âge
5371 4043 55 38 de
5450 4045 48 37 84
5519 4057 45 25 an
5569 4057 17 26 s
5603 4058 7 33 ;
5629 4068 50 5 ?
5696 4046 47 38 de

4743 4090 45 37 M.
4806 4089 185 49 Moindre,
5010 4090 182 38 historien
5208 4094 196 47 apprécié;
5419 4116 52 6 ?
5487 4102 38 32 et
5541 4096 48 38 de
5604 4099 48 36 M.
5671 4098 73 38 Ar-

4743 4139 126 49 mand,
4888 4141 135 37 ancien
5051 4145 261 43 représentant
5331 4144 52 38 du
5410 4149 139 43 peuple
5577 4159 74 28 aux
5670 4149 73 38 As-

4743 4190 181 41 semblées
4941 4194 253 37 constituante
5216 4201 37 31 et
5273 4196 223 49 Ii'gislatire.

4788 4322 269 52 L'apostrophe
5090 4325 255 49 parîiculante
5377 4325 48 39 de
5454 4328 145 39 Jeanne
5632 4329 113 40 d'Arc

4743 4372 118 41 ionne
4876 4373 68 40 des
4963 4376 208 37 insomnies
5190 4386 48 28 an
5260 4376 135 47 Siècle;
5425 4385 97 32 cette
5549 4380 188 47 orthogra"-

4743 4425 82 50 phe,
4844 4425 106 38 selon
4965 4425 67 48 lui,
5053 4426 202 50 implique,
5284 4426 152 52 d'après
5458 4432 53 36 les
5543 4430 201 40 habitudes

4750 4476 33 38 le
4798 4476 34 38 la
4850 4478 137 48 langue
5004 4476 204 46 française,
5229 4490 74 26 une
5330 4480 84 37 idée
5432 4482 187 47 aristoerD!
5619 4482 120 47 ¡q,;",

4786 4527 95 38 Rien
4898 4529 100 36 n'est
5029 4529 88 48 plus
5145 4531 191 36 contraire
5351 4533 19 35 à
5393 4531 185 40 l'histoire
5612 4541 46 31 el
5658 4541 79 31 ¡¡m.

4750 4579 57 37 ois
4817 4577 244 50 héraldiques
5082 4592 6 24 :
5113 4580 32 36 la
5161 4581 188 48 particule
5379 4593 48 26 ne
5447 4584 55 37 fut
5514 4584 139 47 jamais
5672 4599 66 25 au-

4752 4629 116 40 refois
4898 4642 75 25 une
5010 4642 144 34 preuve
5178 4632 40 37 ni
5240 4644 50 25 un
5311 4634 149 46 insigne
5480 4635 47 38 de
5544 4636 192 46 noblesse;

4743 4693 39 25 )n
4801 4681 132 38 n'était
4948 4680 113 39 noble
5079 4693 76 39 que
5174 4683 32 37 si
5240 4684 70 37 l'on
5330 4686 157 48 pouvait
5504 4688 20 35 à
5551 4686 71 39 bon
5640 4688 93 37 droit

4749 4732 79 37 aire
4844 4732 131 37 suivre
4994 4743 70 26 son
5079 4744 89 26 nom
5187 4736 293 39 patronymique
5492 4736 48 38 de
5562 4737 30 37 la
5609 4740 124 38 quali-

4744 4783 141 38 icaiion
4914 4782 48 39 de
4980 4783 196 39 chevalier
5190 4797 45 25 ou
5251 4785 191 51 d'écuyer.

4785 4835 49 36 Se
4852 4833 157 39 donnait
5034 4833 47 38 de
5103 4839 31 32 la
5153 4837 188 39 particule
5371 4839 266 41 impunément
5665 4842 69 41 qui

4743 4884 148 48 voulait,
4916 4885 227 47 puisqu'elle
5171 4886 161 39 n'avait
5332 4886 141 39 aucun
5502 4901 90 26 sens
5622 4892 110 36 nobi-
5778 4881 7 20 '

4747 4936 114 46 iaire;
4891 4936 96 36 mais
5015 4947 47 25 on
5089 4938 197 36 encourait
5314 4936 69 39 des
5412 4940 136 42 peines
5581 4944 154 36 sévères
5778 4930 8 22 *

4743 4997 85 26 )our
4845 4986 107 37 avoir
4970 4988 143 45 usurpé
5133 4986 102 37 l'une
5251 4987 70 38 des
5336 4988 101 39 deux
5452 4992 281 46 qualifications
5777 4980 8 53 !

4743 5037 270 49 iusindiquées.
5035 5038 60 36 On
5121 5039 211 49 n'inquiéta
5354 5051 68 38 pas
5445 5042 283 47 Jean-Baptiste
5779 5036 6 18 1

4743 5087 250 39 )elafontaine
5006 5099 96 38 pour
5119 5090 113 36 s'être
5242 5091 134 48 appelé
5393 5091 25 38 J
5418 5091 76 38 .-D.
5515 5091 48 38 de
5584 5093 32 36 la
5634 5094 96 36 Fon-

4746 5140 103 40 aine,
4886 5140 97 35 mais
5014 5138 24 37 il
5070 5138 56 39 fut
5145 5138 211 40 condamné
5375 5144 20 33 à
5423 5141 101 39 deux
5553 5151 107 29 cents
5685 5145 46 36 li-

4743 5200 77 27 (res
4851 5188 202 39 d'amende
5081 5201 97 37 pour
5216 5192 108 36 avoir
5350 5193 82 39 pris
5461 5192 202 40 indûment
5695 5203 31 29 el
5776 5198 9 41 j

4743 5252 22 26 !
4765 5252 56 26 ins
4838 5238 100 40 droit
4962 5240 97 39 dans
5091 5241 67 38 des
5178 5248 102 32 actes
5301 5242 34 38 la
5358 5243 258 43 qualification
5649 5246 81 34 d'é-

4743 5302 119 41 ;uyer.
5772 5284 13 24 c

4781 5345 101 37 C'est
4897 5348 74 32 tout
4992 5343 287 38 modernement
5296 5346 114 44 qu'on
5425 5346 86 36 s'est
5533 5346 154 38 habitué
5706 5349 19 35 à

4743 5393 204 38 iemsidérer
4974 5393 35 36 la
5028 5394 186 44 particule
5242 5405 145 26 comme
5416 5407 72 24 une
5507 5407 143 35 preuve
5677 5396 47 38 de
5767 5388 18 46 ?

4743 5444 171 36 loblesse:
4927 5443 83 35 c'en
5025 5450 58 29 est
5100 5448 78 31 tout
5192 5454 49 25 au
5255 5454 89 35 p'us
5360 5455 73 25 une
5449 5448 273 45 présomption.
5770 5440 7 24 '

4743 5493 42 37 Jn
4818 5498 136 31 savant
4984 5503 166 38 ouvrage
5182 5491 47 38 de
5263 5494 48 37 M.
5333 5494 113 46 Vian,
5480 5495 180 40 auditeur
5676 5510 47 26 au

4746 5544 117 37 onseii
4883 5542 139 47 d'Etat,
5043 5542 147 38 attaché
5205 5554 48 25 au
5272 5554 113 27 sceau
5415 5544 70 39 des
5504 5548 123 46 titres,
5645 5547 75 39 doit
5767 5542 18 52 ?

4743 5597 145 34 traître
4905 5593 311 46 prochainement
5234 5600 37 31 et
5282 5594 192 41 élucidera
5495 5597 34 42 la
5549 5601 171 41 question

4743 5646 27 37 le
4788 5646 35 37 la
4840 5645 197 49 particule.
5763 5640 22 37 P

4773 5696 101 38 Dans
4891 5701 83 31 tous
4995 5695 51 37 les
5063 5706 78 36 cas.
5163 5706 47 26 en
5230 5696 155 40 suivant
5412 5699 32 37 la
5465 5698 168 39 doctrine
5649 5711 69 26 no-

4743 5747 125 37 ¡iliairt'
4883 5746 49 37 du
4953 5745 132 48 .siècle,
5105 5746 32 35 le
5152 5746 97 37 frère
5267 5746 48 39 de
5329 5749 143 38 Jeanne
5482 5751 110 36 d'Arc
5605 5764 17 23 i;
5630 5762 42 26 va
5680 5758 32 29 ni

4745 5801 33 33 té
4797 5797 142 46 anobli,
4956 5795 279 52 l'orthographe
5260 5799 195 40 ci-dessus
5469 5801 118 38 serait
5613 5803 101 36 aussi
5759 5797 25 38 q

4743 5849 142 48 ^giiime
4897 5858 75 38 que
4997 5846 97 39 celle
5111 5849 83 48 qui,
5209 5861 71 37 par
5294 5852 186 47 exemple,
5499 5850 51 37 du
5566 5863 87 26 nom
5670 5851 45 39 ele
5760 5849 25 24 "

4743 5906 237 41 'aguesseau,
5008 5909 22 26 a
5054 5897 69 39 fait
5153 5899 67 50 el'
5220 5899 203 50 Aguesseau.
5444 5902 119 45 Qu'en
5599 5915 117 34 pense

4743 5950 22 36 L
4786 5948 47 38 de
4853 5949 34 37 la
4908 5948 208 40 Bédollière
5133 5951 17 36 ?
5759 5948 24 27 LI

4941 6115 59 46 LE
5036 6114 169 48 MONDE
5248 6117 240 47 THERMAL

4764 6231 238 36 PLOMuiÈRE.s.
5018 6240 50 16 :?
5083 6228 70 37 Les
5168 6229 169 39 malades
5348 6231 167 38 arrivent
5533 6244 48 25 en
5594 6233 112 39 foule:

4716 6291 93 26 nous
4827 6280 131 37 disons
4985 6279 55 37 les
5072 6279 184 48 malades,
5286 6292 65 27 car
5385 6281 55 39 les
5472 6282 155 48 plaisirs
5660 6296 44 25 nt

4714 6336 85 31 sont
4809 6341 96 38 pour
4937 6330 83 36 rien
5035 6328 96 38 dans
5149 6329 55 38 les
5236 6332 132 37 visites
5395 6332 64 48 qui
5477 6344 41 29 se
5542 6334 81 37 font
5634 6336 21 36 à
5677 6336 30 36 la

4716 6382 244 47 pittoresque,
4977 6380 97 36 mais
5105 6381 275 51 mélancolique
5398 6382 121 37 vallée
5535 6384 49 37 de
5603 6385 106 38 l'An-

4713 6442 154 38 gronne.
4902 6431 69 35 Les
5005 6432 277 37 constructions
5313 6430 46 39 de
5397 6430 293 42 l'établissemen

4714 6487 81 31 >ont
4811 6480 121 38 belles
4949 6486 45 31 et,
5003 6479 93 39 d'un
5121 6487 132 40 aspect
5275 6480 290 43 véritablement
5593 6496 109 34 gran-

4711 6531 118 40 diose.
4846 6532 48 35 Le
4912 6529 338 49 parc,dessiné,sur
5265 6534 53 34 les
5333 6533 163 37 conseils
5511 6534 90 37 d'un
5621 6536 72 37 hôU

4713 6586 168 42 auguste,
4897 6591 93 26 avec
5010 6582 35 35 la
5065 6582 138 38 rivière
5236 6582 65 49 qui
5338 6581 181 40 méandre
5541 6584 96 39 dans
5667 6585 33 37 la

4713 6631 173 47 verdure,
4905 6630 93 38 dft're
5017 6643 75 26 une
5107 6629 228 52 promenade
5363 6630 68 39 des
5464 6634 85 48 plus
5574 6634 105 38 sédui

4710 6690 139 29 santés.
4869 6682 125 36 Parmi
5012 6682 57 37 les
5087 6683 216 47 baigneurs,
5318 6681 123 38 citons
5460 6686 31 34 !a
5509 6685 181 47 princess.

4713 6732 252 49 iiariatinsky,
4984 6732 33 37 la
5034 6733 192 48 princesse
5246 6730 282 52 Czernichesse,
5548 6735 32 36 le
5599 6747 91 26 mar-

4721 6783 73 49 juis
4810 6781 246 47 deBoisrosé,
5077 6783 53 35 les
5147 6782 150 47 princes
5308 6781 202 50 Borghese,
5531 6784 33 37 le
5582 6795 107 29 comti

4708 6833 46 36 de
4785 6832 429 49 Comininges-Guitaut,
5236 6830 34 36 le
5300 6840 124 29 comte
5447 6834 228 39 Gontant-Bi

4709 6894 80 36 ron,
4810 6883 33 36 le
4862 6883 169 49 marquis
5054 6880 161 38 d'Abzac
5246 6879 47 38 de
5316 6881 185 52 Ladouze,
5534 6885 34 38 le
5597 6898 83 27 mar

4707 6932 150 50 quis.de
4877 6932 198 45 Beauvoir,
5093 6937 71 30 etc.

4753 7043 251 39 Saint-Malo.
5022 7060 49 7 ?
5089 7040 60 37 On
5165 7045 252 45 commençait
5439 7048 22 36 à
5477 7046 217 46 désespérer

4702 7093 46 39 de
4766 7094 36 37 la
4817 7095 125 37 saison
4955 7102 8 32 ;
4983 7090 96 37 mais
5109 7091 151 49 l'espoir
5279 7100 57 31 est
5365 7106 144 27 revenu
5538 7106 90 26 avec
5659 7096 33 36 la

4701 7147 179 46 présence
4894 7142 47 36 de
4957 7140 194 49 plusieurs
5169 7141 176 41 brillants
5364 7146 275 38 stationnaires.

4751 7254 142 37 Salixs.
4912 7271 49 7 ?
4979 7250 47 37 La
5044 7253 138 40 station
5207 7261 148 40 compte
5381 7254 193 49 beaucoup
5603 7254 77 48 p!u:

4698 7302 46 38 de
4778 7302 180 36 visiteurs
4990 7313 74 38 que
5092 7304 55 37 les
5178 7308 139 34 années
5349 7304 256 47 précédentes.
5639 7306 48 38 La

4706 7362 125 37 guerre
4849 7351 131 37 n'aura
4999 7364 69 38 pas
5089 7353 68 37 fait
5173 7354 52 37 du
5243 7353 72 37 mal
5345 7356 21 34 à
5386 7359 79 32 tout
5483 7354 34 37 le
5536 7356 148 39 monde.

4710 7405 46 34 Jn
4780 7411 94 27 nous
4893 7412 171 28 annonce
5081 7402 68 38 des
5163 7403 107 39 fêtés,
5290 7403 98 44 bals,
5419 7413 184 39 concerts,
5627 7419 59 26 re-

4699 7451 273 47 présentations
4988 7453 270 47 dramatiques.
5288 7452 48 36 Le
5363 7453 137 39 Casino
5517 7462 57 31 est
5592 7459 95 35 très-

4699 7500 67 37 brit
4785 7507 78 30 ant.
4885 7501 216 46 Nommons,
5126 7502 120 46 parmi
5277 7512 68 26 nos
5377 7503 120 47 hôtes,
5518 7506 34 37 le
5569 7505 115 39 baron

4707 7548 35 37 le
4760 7550 215 49 Verneaux,
4994 7552 34 36 le
5048 7552 129 48 prince
5206 7551 175 48 Oginski,
5401 7554 48 37 M.
5470 7554 48 37 de
5540 7556 140 38 Lisboa.

4704 7598 262 40 imbassadeur
4990 7601 195 46 brésilien,
5208 7601 32 35 le
5257 7602 197 48 président
5484 7605 196 38 Falconne;

4697 7655 35 31 et
4746 7659 41 27 sa
4805 7649 157 43 famille,
4983 7652 33 36 la
5043 7656 183 32 comtesse
5243 7650 47 38 de
5308 7652 357 49 Meroy-Argenteau

4698 7711 32 24 ia
4747 7706 184 32 comtesse
4950 7700 46 38 de
5012 7702 149 43 Bobzet,
5180 7704 73 33 etc.

4745 7804 258 38 Schwalbach.
5023 7824 50 7 ?
5090 7804 199 50 Beaucoup
5304 7808 123 37 moins
5444 7808 47 38 de
5504 7809 175 38 visiteurs

4692 7863 73 38 que
4784 7857 54 35 les
4855 7861 126 31 autres
5009 7856 153 34 années.
5183 7855 75 36 Peu
5276 7855 47 38 de
5349 7857 188 41 Français.
5566 7860 91 35 Nom

4707 7915 107 36 .tons,
4863 7901 224 49 cependant,
5118 7904 31 35 le
5178 7907 170 47 marquis
5383 7907 46 38 de
5451 7901 100 44 Vais
5579 7914 37 30 et
5644 7911 30 33 Je

4690 7961 119 30 comte
4823 7953 46 38 de
4886 7954 189 35 Jaucourt.

4739 8047 84 37 Spa.
4839 8067 50 8 -
4903 8046 89 35 Près
5018 8044 47 36 de
5082 8054 134 36 quatre
5244 8049 102 37 mille
5370 8059 205 36 personnes
5592 8059 67 27 son

4688 8098 167 35 arrivées
4869 8098 19 33 à
4909 8094 72 47 Spa
4994 8106 6 23 :
5021 8093 67 38 des
5106 8096 147 48 Belges,
5280 8104 67 31 des
5363 8097 229 47 Hollandais,
5609 8097 36 41 dt
5645 8097 24 41 ?

4700 8145 155 48 Vngiais,
4873 8145 95 34 mais
4985 8155 74 34 peu
5085 8144 48 36 de
5167 8146 190 38 Français.
5390 8149 48 34 Le
5465 8147 144 37 théâtre
5629 8147 33 37 di

4691 8201 30 29 'a
4734 8193 163 38 Redoute
4914 8191 160 45 possède
5092 8205 74 26 une
5190 8203 132 41 troupe
5340 8196 312 38 très-satisfaisan

4688 8252 46 27 'e.
4754 8243 58 36 On
4836 8252 93 25 nous
4944 8252 170 27 annonce
5135 8245 35 35 la
5187 8247 113 35 visite
5317 8246 66 37 des
5401 8246 148 36 artistes
5565 8245 46 38 de
5641 8251 30 31 h,

4687 8289 171 40 Comédie
4888 8288 213 49 française,
5137 8295 66 45 qui
5236 8301 84 31 sont
5358 8295 266 37 actuellement
5651 8307 15 24 f

4689 8338 188 39 druxellcs
4904 8344 37 32 et
4971 8340 168 39 donnent
5172 8343 67 38 des
5272 8345 318 44 représentations
5624 8356 33 26 ai

4699 8391 125 35 héâtre
4855 8388 105 44 royal
4991 8389 69 38 des
5090 8393 158 42 galeries
5299 8393 283 39 Saint-Hubert.
5613 8396 43 35 AI

4687 8438 89 37 mois
4793 8434 46 37 de
4857 8438 229 43 septembre,
5108 8443 54 35 les
5190 8442 161 39 grandes
5369 8452 154 29 courses
5551 8450 37 31 et
5615 8444 49 35 le*

4687 8484 152 48 grandes
4855 8487 197 39 émotions.
5070 8491 58 36 On
5144 8492 128 36 attend
5290 8492 90 37 d'un
5394 8491 87 45 jour
5499 8495 19 35 à
5539 8494 119 35 l'autre

4687 8546 43 25 jn
4755 8534 119 36 Russe
4892 8537 65 43 qui
4986 8548 111 35 passe
5114 8551 96 33 pour
5237 8541 105 37 avoir
5360 8540 35 37 le
5415 8544 75 35 don
5507 8541 47 38 de
5576 8541 78 36 fair<

4687 8588 117 32 sauter
4816 8582 55 38 les
4888 8584 185 48 banques.
5089 8590 249 40 L'exposition
5352 8589 48 39 de
5414 8592 172 40 peinture
5597 8600 62 25 au-

4687 8644 30 25 'a
4736 8632 75 36 lieu
4826 8630 49 38 du
4899 8635 44 36 15
4958 8636 85 46 juin
5069 8649 47 25 au
5136 8639 45 35 15
5194 8639 149 37 octobre
5355 8651 7 36 ;
5378 8651 123 28 aucun
5517 8639 141 38 tableau

4691 8693 42 25 le.
4744 8691 82 26 sera
4846 8692 87 39 reçu
4950 8688 112 48 après
5079 8687 35 38 le
5133 8688 41 36 31
5197 8691 102 36 août.

5705 8768 9 24 c

4722 8795 48 36 LE
4786 8795 181 41 TRÉPORT.
4995 8821 51 9 ?
5071 8802 48 36 Le
5137 8803 131 43 maire,
5287 8803 22 37 à
5338 8804 146 37 l'instar
5501 8801 46 38 de
5562 8802 95 37 celui
5706 8809 8 31 1

4687 8844 31 36 le
4737 8844 156 45 Dieppe,
4911 8860 20 24 a
4950 8852 95 35 écrit
5061 8862 75 25 aux
5159 8851 188 40 journaux
5363 8864 96 30 pour
5476 8852 181 36 démentir
5702 8869 12 20 t

4687 8904 39 25 es
4742 8892 120 39 bruits
4882 8898 230 48 inquiétants
5127 8901 139 46 qu'une
5285 8902 259 36 malveillance
5563 8903 94 35 inté-

4687 8945 109 36 ressée
4808 8948 191 47 persistait
5016 8951 22 35 à
5054 8950 186 50 répandre
5256 8961 66 27 sur
5348 8950 100 38 l'état
5479 8951 178 38 sanitaire
5701 8966 13 16 «

5817 606 78 37 vait
5910 608 59 34 e'é
6108 607 251 41 syti'-frsaiit.

5815 708 35 35 le
5882 719 161 28 vicoiiikf,
6076 722 48 26 cie
6160 719 33 30 Jé)
6215 726 10 24 j
6243 722 103 36 o.,e,
6457 716 97 37 Léon
6593 719 167 42 ChaiLv,
6792 728 29 29 !<?

5813 764 124 33 comte
5956 759 68 40 eles
6053 762 90 50 Ais,
6179 762 33 39 le
6246 771 125 33 comte
6399 764 49 41 de
6480 762 322 49 BenevaI-Boisn.

5813 810 83 50 bin,
5913 816 74 34 etc.

5865 927 152 40 UnUGE.
6017 927 43 40 -
6060 927 154 40 Seize
6247 939 107 34 cents
6387 936 285 39 sfationhaires.
6704 945 119 35 parmi

5812 978 169 52 lesquels
5998 991 98 28 nous
6125 992 120 28 avons
6271 990 148 42 compté
6439 1000 51 26 un
6518 989 147 38 insiant
6681 991 48 38 ill.
6751 992 74 38 Ed-

5811 1031 117 38 mond
5947 1030 141 52 About,
6121 1033 34 39 le
6174 1033 119 39 baron
6314 1035 46 39 de
6379 1038 258 43 Commailîes,
6655 1040 33 39 le
6706 1050 119 31 comte

5812 1080 153 56 d'Ussy,
5984 1090 73 34 etc.

5976 1260 66 50 LE
6082 1264 194 50 MONDE
6306 1266 356 54 LITTERAIRE

5862 1381 28 37 L
5905 1381 206 41 Académie
6132 1385 203 53 française,
6356 1389 224 51 procédant.
6615 1393 107 39 selon
6754 1395 50 39 Fm

5811 1443 103 40 sage,
5931 1446 51 26 au
6001 1438 327 41 renouvellement
6346 1441 47 39 de
6423 1455 68 26 son
6510 1443 147 39 bureau
6674 1457 99 32 pour
6793 1448 31 35 l:

5811 1488 156 45 présent
5983 1488 206 44 trimestre,
6209 1501 21 25 a
6255 1494 63 34 élu
6350 1494 48 36 M.
6419 1495 108 38 Patin
6559 1495 195 41 directeur
6790 1512 31 23 p,

5810 1537 49 36 M.
5874 1536 316 40 Prévôl-Paradol
6207 1541 231 41 chancelier.

5854 1736 60 50 LE
5960 1738 172 54 MONDE
6164 1732 276 62 THÉATRAL
6470 1746 60 48 ET
6578 1746 218 50 MUSICAL

5812 1852 335 48 OPt:R...-Go:riIQU2.
6168 1878 47 6 ?
6237 1857 83 41 José
6342 1857 141 43 Maria,
6511 1866 263 42 opéra-comiq

5862 1915 48 27 en
5928 1906 94 39 trois
6034 1913 116 43 actes,
6173 1910 151 48 paroles
6342 1910 47 40 de
6406 1914 85 38 MM.
6513 1915 167 42 Cormon
6710 1924 34 32 et
6773 1919 6 36 i

5861 1956 176 52 Meilhac,
6059 1961 178 50 musique
6253 1961 47 39 de
6316 1963 47 38 M.
6383 1963 104 46 Ju!e$
6506 1967 143 40 Cohen.

5860 2060 375 53 I.'Opéra-Comique
6252 2065 105 38 avait
6374 2064 86 49 déjà
6496 2080 73 26 une
6602 2081 105 28 assez
6733 2072 46 42 jol

5810 2112 200 38 collection
6045 2113 47 38 dn.
6124 2114 155 40 bandits
6316 2130 7 24 :
6365 2118 153 51 Zampa,
6553 2120 225 42 Fra-Diavo!

5813 2163 121 36 Marco
5969 2165 125 48 Spada
6128 2172 38 31 et
6198 2173 82 31 tant
6329 2167 184 43 d'autres.
6546 2172 83 39 Une-
6679 2176 100 38 varié

5813 2216 198 48 manquait
6030 2229 6 23 :
6061 2216 34 37 le
6124 2217 161 50 brigand
6321 2231 69 36 par
6424 2233 148 29 amour.
6592 2225 33 37 le
6657 2225 122 42 bridai

5812 2265 73 39 bon
5917 2266 116 50 jeune
6065 2267 164 39 homme.
6258 2271 84 39 MM.
6380 2273 157 38 Meilhac'
6586 2281 38 32 et
6656 2277 123 39 Cornu

5812 2318 91 37 l'ont
5919 2317 242 41 découverte.
6187 2322 227 48 Désormais,
6430 2325 34 39 la
6485 2326 143 39 famille
6641 2335 58 32 est
6713 2341 66 27 con

5810 2368 114 51 plète.

5859 2421 27 37 1;
5901 2420 157 39 histoire
6076 2422 113 49 qu'ils
6205 2432 63 31 ont
6289 2427 184 47 imaginée
6495 2431 19 36 h
6535 2442 75 28 eux
6640 2431 101 40 deux
6760 2446 16 26 c

5809 2472 91 38 bien
5929 2473 137 51 simple
6100 2481 38 31 et
6167 2482 93 43 peut
6293 2478 216 40 s'entendre
6541 2493 48 26 en,
6628 2484 151 42 quelqui

5812 2531 108 31 mots.
5942 2525 58 38 Un
6021 2525 96 38 beau
6133 2527 114 47 jeune
6268 2528 149 39 homme
6440 2534 79 35 voit
6545 2544 47 26 au
6614 2536 86 37 coin
6723 2536 56 38 d'L

5810 2575 81 38 bois
5906 2588 73 25 une
5993 2576 99 38 belle
6110 2579 77 35 nUe
6204 2580 66 48 qui
6290 2579 113 39 laisse
6429 2582 147 40 tomber
6595 2596 68 27 son
6683 2587 96 38 hrLcl

5811 2627 61 37 let.
5893 2627 27 36 Il
5942 2639 20 25 a
5979 2639 140 39 aperçu
6155 2629 102 39 deux
6289 2632 142 44 grands
6465 2646 101 28 veux
6599 2638 119 41 noirs,
6757 2651 22 25 u

5811 2678 86 38 bras
5913 2677 128 52 blanc,
6062 2691 74 26 une
6151 2681 101 38 taille
6272 2682 146 40 fine...
6442 2685 106 40 Voilà
6574 2687 75 39 don
6684 2690 95 38 Cadi

5808 2742 208 26 amoureux
6030 2743 7 36 ;
6062 2731 24 38 il
6106 2739 110 32 court
6231 2736 112 48 après
6359 2748 68 26 son
6445 2738 203 41 inconnue.

5858 2788 30 37 Il
5904 2787 171 49 apprend
6094 2801 46 25 en
6158 2790 152 38 chemin
6329 2805 75 36 que
6424 2794 118 38 Diana
6570 2797 160 39 Armeso
6757 2811 19 25 e

5807 2839 141 38 fiancée
5963 2842 22 35 à
6000 2852 50 25 un
6068 2842 141 37 cuistre
6226 2843 46 37 de
6293 2843 113 39 haute
6428 2846 136 48 lignée,
6586 2848 74 36 don
6678 2850 101 36 F(1bil

5808 2898 31 30 le
5850 2902 139 39 propre
6008 2903 123 26 neveu
6150 2892 48 38 de
6216 2894 155 47 Corega,
6391 2896 35 37 le
6440 2899 90 42 juge
6557 2899 47 38 de
6633 2903 92 41 paix
6759 2901 20 39 d

5807 2942 148 49 virlagc,
5979 2943 95 45 Quel
6095 2943 164 50 village?
6278 2946 43 36 Je
6353 2948 87 37 n'en
6476 2950 76 36 gais
6581 2956 85 39 trop
6702 2954 77 37 rien

5805 2993 96 38 mais
5939 2993 32 36 la
6009 2995 113 37 scène
6155 3006 40 27 se
6226 3007 112 34 passe
6371 3010 47 26 au
6444 3000 196 46 Mexique,
6661 3013 37 27 et
6719 3016 60 22 vot

5805 3055 143 39 pouvez
5966 3044 156 39 choisir.

5854 3101 50 38 Ce
5920 3100 75 39 don
6016 3101 114 38 Fabio
6149 3108 58 33 est
6226 3116 49 25 un
6306 3111 58 33 sot
6394 3106 97 40 dans
6516 3109 226 42 l'acception
6773 3111 6 35 1

5802 3149 83 48 plus
5904 3160 168 31 correcte
6090 3153 52 39 du
6175 3162 89 31 mot.
6295 3156 59 38 Au
6375 3158 75 38 lieu
6484 3159 48 38 de
6564 3162 181 44 regarder

5802 3205 101 37 main
5922 3204 161 39 délicate
6103 3212 38 30 et
6172 3205 35 39 la
6234 3208 105 38 taille
6357 3210 177 39 cambrée
6552 3212 48 37 de
6621 3214 140 42 Diana,

5800 3254 57 39 n'a
5878 3268 52 25 vu
5949 3268 75 36 que
6041 3269 61 25 ses
6121 3260 92 35 écus
6261 3259 115 38 Fabio
6412 3267 58 31 est
6502 3262 156 46 joueur,
6673 3264 106 45 jouet

5800 3307 155 47 effréné,
5967 3313 37 31 et
6020 3318 147 26 comme
6187 3309 25 36 il
6231 3320 21 25 a
6268 3310 122 44 perdu
6408 3322 68 33 pas
6493 3315 74 35 mai
6586 3313 47 39 de
6644 3316 135 43 piastre

5801 3357 130 48 fortes,
5951 3363 38 31 et
6004 3369 74 38 que
6097 3357 35 38 le
6148 3358 146 39 million
6312 3360 48 38 de
6379 3363 119 37 Diana
6522 3367 211 37 remettrait
6761 3366 18 37 ei

5803 3407 135 38 l'ordre
5948 3408 96 38 dans
6055 3421 60 26 ses
6127 3409 184 46 finances,
6320 3411 24 39 il
6356 3414 89 37 s'est
6455 3418 143 40 promis
6606 3416 173 45 (Ilépousf

5801 3459 34 37 le
5853 3459 160 38 million.
6034 3460 148 38 L'oncle
6202 3462 138 45 Corega
6361 3475 20 27 a
6401 3470 161 42 arrangé
6580 3467 173 40 l'affaire,
6770 3482 9 25 (

5800 3511 96 38 voilà
5917 3521 68 27 nos
6003 3510 100 41 deux
6117 3512 137 49 jeunes
6269 3526 93 38 gens
6378 3517 155 39 fiancés.

5847 3572 131 38 Carlos
6006 3580 58 31 est
6081 3573 144 39 bientôt
6240 3587 47 26 au
6306 3575 69 41 fait
6391 3576 48 40 de
6458 3579 224 39 t'aventure.
6706 3583 73 38 S011

5797 3627 171 46 prétexte
6001 3623 48 39 de
6085 3633 196 40 rapporter
6302 3627 32 37 le
6354 3628 168 41 bracelet
6554 3632 139 41 perdu,
6717 3633 27 38 il
6764 3646 15 26 s

5795 3678 177 45 présente
5990 3675 220 39 hardiment
6232 3680 20 36 à
6282 3680 134 47 Diana,
6434 3689 38 30 et
6499 3684 23 36 il
6542 3671 205 57 découvre,

5799 3727 85 36 n'en
5902 3738 71 38 pas
6002 3726 149 49 douter,
6175 3727 115 39 d'une
6308 3737 100 39 part,
6425 3744 76 35 que
6533 3734 32 37 la
6593 3734 115 45 jeune
6724 3735 53 38 fill

5797 3778 93 37 tient
5917 3777 297 40 médiocrement
6230 3792 47 26 au
6298 3781 119 40 fiancé
6436 3785 114 44 qu'on
6571 3784 51 38 lui
6643 3787 136 44 impose

5792 3829 48 38 de
5859 3830 147 45 l'autre,
6025 3830 139 50 qu'elle
6184 3843 41 26 se
6245 3832 189 41 laisserait
6455 3835 204 40 volontiers
6688 3849 91 27 cour

5792 3881 90 37 tiser
5899 3892 71 39 par
5988 3881 32 37 le
6040 3893 174 27 nouveau
6234 3895 115 28 venu.

5837 3937 107 37 Ainsi
5966 3937 120 38 Diana
6105 3948 40 27 se
6163 3938 114 40 laisse
6293 3943 142 36 marier
6451 3953 91 27 sans
6557 3943 220 40 entheusias

5790 4000 57 25 me
5866 4000 8 35 ;
5907 3987 115 39 Fabio
6048 3990 168 48 n'aspire
6233 3992 143 49 qu'aux
6392 3995 91 37 écus
6500 3993 48 38 de
6578 3994 201 39 l'héritière

5795 4039 95 38 Tout
5922 4045 92 43 peut
6055 4040 231 51 s'arranger.
6333 4044 130 38 Carlos
6498 4046 181 45 s'éloigne
6709 4047 66 45 plu

5787 4102 225 36 amoureux,
6029 4090 89 49 plus
6133 4098 274 44 entreprenant
6424 4106 76 40 que
6514 4097 153 48 jamais.

5839 4147 75 37 Son
5934 4144 91 47 plan
6039 4152 58 31 est
6115 4146 80 39 fait.
6213 4150 86 38 José
6315 4151 131 45 Maria,
6466 4153 32 35 le
6515 4152 150 46 baulit,
6682 4165 21 26 a
6719 4154 60 45 jetl

5789 4198 241 45 l'épouvante
6053 4197 97 39 dans
6173 4199 55 38 les
6246 4203 194 37 environs.
6464 4203 29 37 Il
6519 4215 155 34 passera
6693 4217 86 34 pont

5792 4249 85 37 José
5897 4249 115 37 Maria
6033 4260 47 26 au
6099 4250 130 50 risque
6256 4251 47 38 de
6331 4265 41 25 se
6390 4253 94 38 faire
6503 4267 129 26 casser
6651 4257 32 36 la
6703 4260 73 33 tête

5791 4300 67 36 Les
5886 4298 161 39 femmes
6075 4299 195 41 d'aiileurs
6290 4315 46 25 ne
6363 4311 85 31 sont
6469 4305 138 46 jamais
6628 4307 140 38 insensi

5789 4351 79 37 bies
5887 4353 19 35 à
5934 4356 96 32 cette
6054 4349 177 41 dernière
6263 4366 143 37 preuve
6436 4355 47 39 de
6508 4357 212 39 tendresse.
6758 4360 11 35 I

5786 4403 126 36 arrive
5940 4403 31 36 la
5991 4403 82 37 nuit
6090 4403 89 38 chez
6201 4406 131 44 Diana,
6350 4413 50 36 et,
6421 4406 33 38 le
6478 4408 184 47 poignard
6688 4411 91 36 k'vc

5789 4454 31 34 10
5839 4453 152 50 pistolet
6021 4465 48 26 au
6096 4455 128 50 poing,
6246 4456 23 37 il
6294 4456 33 38 la
6347 4469 144 27 somme
6519 4459 48 38 de
6599 4460 53 37 lui
6672 4459 106 39 livret

5788 4508 52 33 les
5868 4505 90 36 trois
5982 4510 86 31 cent
6093 4506 104 37 mille
6225 4508 165 45 piastres
6408 4510 143 46 qu'elle
6580 4522 21 26 a
6619 4512 144 45 précisé

5786 4562 101 30 ineni
5904 4567 131 26 reçues
6053 4556 33 36 la
6104 4557 128 37 veille.
6262 4559 119 38 Diana
6401 4559 95 39 livre
6516 4562 54 36 les
6590 4569 92 31 trois
6700 4570 79 30 crri,

5784 4607 101 37 mille
5902 4607 180 44 piastres,
6103 4614 103 31 toute
6235 4620 40 27 sa
6305 4610 164 39 fortune.
6505 4612 82 37 Elle
6622 4620 146 39 regret

5783 4658 213 36 seulement
6008 4669 82 32 que
6119 4658 178 39 l'homme
6314 4662 137 43 qu'elle
6475 4664 132 37 aimait
6632 4663 84 42 déjà
6736 4677 42 24 eh

5782 4720 67 25 use
5872 4709 30 36 si
5925 4703 79 53 peu
6004 4703 280 53 délicatement
6303 4723 92 28 avec
6418 4712 72 39 elle
6508 4726 7 35 ;
6542 4715 236 48 rapparliiou

5781 4765 182 32 nocturne
5981 4762 217 46 promettait
6215 4763 141 37 mieux.

5829 4814 129 39 Carlos
5985 4815 83 38 fuit.
6102 4817 68 37 Les
6190 4819 145 37 voisins
6350 4826 216 39 accourent,
6584 4828 32 30 ci
6639 4822 33 37 le
6692 4823 84 43 ju¡¡-

5778 4864 47 39 de
5854 4867 104 49 paix;
5979 4872 37 32 et
6034 4867 35 36 le
6092 4878 123 27 neveu
6246 4875 37 31 et
6302 4871 34 36 la
6358 4872 289 38 maréchaussée
6682 4875 57 36 On

5778 4916 165 38 entendu
5960 4929 50 25 un
6029 4929 96 34 coup
6143 4918 47 38 de
6210 4920 85 37 fusil
6311 4934 7 27 ;
6344 4923 93 36 c'est
6462 4923 88 37 José
6570 4924 115 37 Maria
6703 4936 62 33 qui

5777 4968 104 36 vient
5895 4968 46 36 de
5960 4969 146 37 tomber
6123 4981 88 25 sans
6226 4970 126 37 doute.
6374 4972 370 38 Désenchantement
6759 4978 8 31 l

5779 5019 185 36 L'homme
5978 5019 65 48 qui
6063 5024 56 31 est
6136 5022 133 34 amené
6300 5021 217 47 prisonnier
6533 5027 58 31 est
6605 5033 55 25 un
6679 5032 87 26 con,

5775 5067 216 37 trebandier
6010 5068 170 48 vulgaire
6198 5075 36 31 et
6250 5071 64 47 qui
6331 5072 99 36 n'est
6444 5074 124 35 même
6586 5082 70 38 pas
6671 5071 79 38 blés

5772 5120 53 36 sé.
5847 5119 67 36 Les
5931 5120 210 36 commères
6176 5118 51 38 du
6260 5121 140 44 village
6425 5132 49 26 ne
6503 5128 178 31 trouvent
6706 5134 64 36 pâ-

5776 5179 78 27 leur
5869 5176 150 42 compte
6037 5171 21 35 à
6076 5181 43 25 ce
6138 5168 226 40 dénouaient
6386 5178 200 44 prosaïque
6607 5174 126 45 Quant
6749 5187 17 23 il

5777 5220 132 48 Diana,
5940 5220 73 37 elle
6043 5221 208 49 triomphe;
6273 5223 73 37 elle
6363 5225 99 36 aime
6477 5222 291 41 décidément???>

5772 5269 243 40 détrousseur
6031 5269 47 38 de
6096 5270 138 51 grande
6250 5271 185 39 chemins.

5821 5327 102 36 Vous
5952 5325 160 38 devinez
6148 5329 30 34 le
6208 5334 111 30 reste.
6342 5326 137 46 Quand
6504 5328 35 37 le
6563 5328 75 39 don
6658 5330 108 38 Fatdr¡

5767 5375 171 50 apprend
5957 5388 75 38 que
6048 5377 116 37 Diana
6181 5383 55 30 est
6264 5377 334 40 irrévocablement
6619 5382 141 36 ruinée,

5770 5428 22 36 il
5826 5438 50 26 ne
5909 5433 90 31 veut
6026 5428 84 47 plus
6144 5427 185 37 entendre
6354 5429 128 48 parier
6504 5430 47 37 de
6580 5430 177 46 mariage.

5768 5478 99 37 C'est
5881 5479 20 35 à
5917 5489 41 25 ce
5976 5484 165 29 moment
6155 5488 76 39 que
6250 5478 131 38 Carlos
6405 5478 159 49 reprend
6593 5485 84 31 tous
6697 5490 60 25 ses

5767 5535 215 40 avantages,
6003 5532 37 31 et
6057 5538 91 38 que,
6167 5528 159 38 rendant
6345 5532 20 33 à
6382 5529 34 35 la
6434 5529 96 38 belle
6543 5529 115 48 jeune
6683 5529 77 39 fille

5766 5580 32 35 !e
5818 5576 234 50 portefeuille
6071 5577 94 50 qu'il
6184 5580 85 36 s'est
6290 5590 49 25 un
6355 5589 74 38 peu
6446 5579 227 49 légèrement
6755 5604 6 4 -

5764 5627 163 42 proprié,
5946 5627 25 37 il
5992 5627 52 38 lui
6064 5640 119 26 avoue
6203 5630 202 37 l'innocent
6430 5632 227 37 stratagème
6673 5631 85 38 dont

5764 5679 22 36 il
5804 5690 20 24 a
5844 5681 65 34 osé
5926 5689 41 26 se
5986 5680 138 36 servir.

5808 5734 121 37 Diana
5944 5733 207 51 pardonne;
6166 5734 38 49 je
6224 5747 47 25 ne
6290 5737 80 37 suis
6385 5748 67 39 pas
6469 5737 87 38 bien
6576 5739 181 48 persuadé

5764 5785 135 50 qu'elle
5914 5787 91 36 n'ait
6024 5797 82 38 pas,
6133 5798 46 25 au
6201 5785 87 39 fond
6316 5786 49 38 du
6385 5799 120 35 c?ur,
6524 5800 51 25 un
6609 5789 86 38 brm
6714 5790 45 38 d,'

5764 5842 121 44 regret
5914 5848 94 37 pour
6042 5837 31 35 le
6100 5837 85 37 José
6217 5838 114 36 Maria
6358 5837 47 38 de
6432 5849 62 26 ses
6521 5842 125 35 rêves.
6680 5842 80 36 Elle

5764 5891 138 46 épouse
5921 5886 227 50 cependant,
6176 5892 37 32 et
6238 5893 75 31 tout
6332 5887 34 37 le
6384 5887 138 39 monde
6539 5896 57 31 est
6610 5890 73 38 fort
6698 5904 62 25 sa-

5764 5938 124 46 Lisfait,
5909 5938 88 36 sauf
6012 5937 73 38 don
6106 5938 127 47 Fabio,
6250 5950 73 36 que
6340 5949 190 38 personne
6550 5952 47 25 ne
6622 5941 132 50 plaint.

5808 5999 47 37 Et
5874 5998 98 38 voilà
6006 6005 100 32 toute
6137 5999 31 36 la
6188 5999 118 48 pièce.
6338 5999 46 38 Et
6411 6001 85 37 MM.
6529 6002 159 38 Meilhae
6723 6011 31 29 el

5764 6050 152 38 Cormon
5940 6050 104 37 n'ont
6061 6061 67 38 pas
6146 6049 120 36 hésité
6284 6051 22 35 à
6324 6049 156 51 délayer
6506 6052 78 37 cela
6600 6064 47 26 en
6665 6056 90 37 trois

5764 6106 108 33 ictes,
5888 6100 92 37 dont
5993 6100 32 37 le
6039 6100 163 46 premier
6217 6111 218 27 commence
6452 6103 20 35 à
6492 6101 152 49 heures,
6663 6104 89 37 dont

5769 6163 20 24 e
5806 6149 153 39 dernier
5974 6150 172 37 s'achève
6159 6151 20 35 à
6198 6150 157 38 minuit!

5803 6207 71 37 Ces
5904 6205 200 38 messieurs
6147 6212 62 31 ont
6237 6206 47 37 de
6309 6207 156 45 l'esprit,
6495 6213 254 45 assurément,

5764 6262 26 33 H
5804 6256 52 39 du
5872 6257 186 37 meilleur,
6081 6256 50 37 Ils
6152 6256 88 38 l'ont
6256 6262 80 42 trop
6354 6259 165 48 épargné
6538 6267 97 31 cette
6663 6262 85 38 fois.

5764 6309 41 37 1s
5830 6319 39 25 se
5900 6313 84 30 sont
6007 6305 57 39 dit
6095 6307 158 48 qu'avec
6279 6318 52 25 un
6352 6306 90 51 juge
6476 6310 175 47 ridicule,
6682 6313 69 36 des

5764 6364 176 31 :ostumes
5952 6357 215 50 espagnols,
6189 6370 47 24 un
6267 6357 148 49 bandit,
6433 6360 186 49 quelques
6645 6364 105 36 séré-

5765 6407 101 38 jades
5882 6413 38 31 et
5936 6407 68 38 des
6025 6407 361 39 invraisemblances
6404 6410 274 48 pyramidales,
6700 6413 47 37 ils

5764 6458 240 37 !museraient
6035 6456 301 39 infailliblement
6359 6459 32 35 le
6409 6460 143 44 public.
6580 6462 50 36 Ils
6649 6473 97 35 pen-

5767 6509 101 36 aient
5883 6520 89 25 sans
5990 6506 62 37 nul
6071 6506 113 37 doute
6212 6509 21 34 à
6258 6509 72 34 Fra
6350 6509 169 47 Diavolo,
6549 6521 78 26 aux
6648 6514 91 36 Dia-

5764 6563 104 34 mants
5885 6558 39 38 de
5924 6558 53 38 la
5994 6557 194 37 Couronne
6209 6562 36 30 et
6262 6562 128 31 autres
6410 6560 246 46 conceptions
6681 6563 62 34 in-

5766 6612 135 35 ensées
5918 6608 46 37 de
5987 6604 140 39 Scribe.
6146 6606 93 35 Mais
6259 6605 45 37 ils
6323 6606 193 45 n'ont,pas
6534 6613 80 40 pris
6624 6613 115 42 garde

5764 6660 96 46 ¡u'au
5889 6657 123 38 milieu
6048 6653 48 38 de
6115 6665 60 25 ses
6202 6655 377 51 invraisemblances,
6600 6660 48 38 de
6677 6674 60 26 ses

5764 6710 103 45 olies,
5886 6708 45 37 de
5948 6717 42 25 ce
6009 6704 212 38 tohu-bohu
6250 6705 48 38 de
6332 6707 410 45 scènesétourdiH::m-

5764 6772 50 34 e5,
5834 6755 125 41 Scribe
5974 6754 107 48 jetait
6099 6757 20 34 à
6149 6757 181 48 poignées
6350 6760 144 49 l'esprit
6508 6760 35 37 le
6557 6773 26 41 p
6589 6763 56 35 lus
6663 6763 70 48 fin,

5764 6823 15 23 e
5798 6809 83 47 plus
5913 6806 67 45 vif,
6017 6805 32 36 le
6070 6806 87 47 plus
6189 6807 179 50 français.
6403 6811 69 36 J'ai_
6502 6810 161 39 cherché
6686 6826 47 25 en

5768 6871 19 23 a
5794 6859 35 35 in
5847 6855 94 37 élans
5972 6866 43 25 ce
6034 6855 88 50 long
6153 6858 114 37 fatras
6297 6871 51 25 un
6372 6865 96 42 mot,
6488 6872 74 26 une
6590 6863 137 38 saillie.

5764 6909 139 34 'eut-on
5917 6905 111 49 juger
6043 6906 48 37 de
6111 6907 33 37 la
6164 6909 127 48 poésie
6305 6910 114 47 qu'ils
6433 6918 69 28 ont
6526 6911 131 38 offerle
6684 6925 48 25 au

5764 6956 250 48 Dmpositeur'?
6050 6957 102 38 Voici
6183 6970 49 25 un
6268 6959 94 48 petit
6384 6958 150 50 couplet
6561 6972 75 36 que
6665 6963 65 45 j'ai

5764 7007 61 37 lisi
5842 7017 46 26 au
5910 7010 60 36 vol
5992 7021 6 24 :

5963 7103 14 19 (j
5999 7092 86 34 Sans
6103 7091 28 34 la
6152 7091 166 44 richesse,

5872 7149 14 19 a
5909 7136 67 43 Qui
5993 7136 146 33 satisfait
6158 7140 77 30 tous
6252 7146 62 25 nos
6331 7135 127 47 désirs,

5958 7192 16 20 »
5994 7180 146 34 Sombre
6158 7183 155 33 tristesse

5869 7236 16 21 »
5907 7226 48 34 De
5974 7225 146 35 l'amour
6135 7225 138 36 trouble
6291 7227 51 34 les
6359 7227 151 45 plaisirs.
6532 7243 14 18 1)

5782 7328 269 40 L'échantillon
6064 7336 56 31 est
6136 7329 184 38 suffisant.

5781 7381 48 36 M.
5844 7381 103 35 Jules
5960 7379 125 37 Cohen
6100 7380 99 35 avait
6220 7378 66 37 fort
6308 7381 20 35 à
6356 7379 94 37 faire
6464 7391 97 35 pour
6582 7385 140 44 égayer

5764 7435 61 32 ;ttc
5842 7439 143 38 pauvre
6000 7428 153 36 histoire
6168 7440 7 33 ;
6198 7429 23 34 il
6240 7439 19 24 a
6280 7436 160 30 souvent
6458 7432 136 38 réussi.

5779 7480 240 35 L'ouverture
6050 7482 59 31 est
6138 7477 170 48 élégante
6336 7485 38 31 et
6406 7479 89 39 bien
6521 7482 196 44 conduite;

5764 7529 47 35 lir
5827 7526 46 38 de
5888 7525 73 38 don
5977 7526 112 36 Fabio
6121 7537 48 25 au
6199 7529 164 47 premier
6379 7536 80 31 acte
6479 7544 7 24 :
6513 7545 16 21 «
6558 7533 84 38 Vive
6660 7534 60 38 i'i-

5764 7588 87 26 r,si;e
5869 7575 48 38 du
5941 7575 68 41 jeu
6029 7575 6 37 1
6059 7589 17 21 »
6110 7585 58 28 est
6200 7578 73 38 fort
6298 7581 280 40 agréablement
6598 7587 119 39 coupé

5764 7636 90 27 )run
5873 7624 133 37 ch?ur
6023 7625 65 48 qui
6103 7637 47 26 ne
6169 7639 41 25 se
6230 7636 174 30 contente
6437 7642 70 35 pas
6537 7632 90 38 d'un
6654 7646 42 24 ae
6711 7655 9 7 »

5764 7680 270 43 mpagnement
6051 7676 124 41 l>anaî,
6194 7680 95 34 ruais
6307 7679 66 44 qui
6388 7690 41 25 se
6455 7687 153 38 partage
6622 7694 93 26 avec

5775 7725 181 36 chanteur
5966 7723 33 37 la
6016 7725 137 45 phrase
6167 7726 226 49 mélodique.
6411 7728 99 38 C'est
6520 7731 91 36 d'un
6630 7733 85 36 effet

5764 7773 53 37 îuf
5842 7779 36 30 et
5912 7773 174 48 piquant.
6121 7776 48 35 Le
6195 7777 164 45 premier
6389 7777 58 37 air
6476 7789 74 37 que
6577 7780 138 38 chan..?

5769 7834 71 27 ana
5854 7844 50 6 ?
5916 7824 84 36 MFna
6018 7825 235 37 Galli-Marié
6263 7847 49 7 ?
6328 7832 59 32 est
6399 7828 188 48 empreint
6601 7829 113 36 d'une

5764 7874 180 37 élancolie
5963 7876 66 48 qui
6058 7875 153 37 tranche
6228 7887 68 26 nir
6322 7875 35 38 le
6388 7882 64 33 ton
6486 7880 150 47 général
6667 7882 46 36 de

5771 7934 155 40 uyrage,
5948 7936 161 37 presque
6125 7932 150 42 pariout
6290 7926 166 48 fringant
6470 7935 37 30 et
6521 7929 145 38 déluré.

5770 7972 197 48 Citerai-je
5979 7986 149 34 encore,
6145 7986 46 25 au
6205 7976 139 37 second
6358 7983 97 41 «cte,
6469 7976 35 37 le
6518 7977 74 38 duo
6610 7979 47 36 de
6675 7985 32 33 L¡

5764 8023 144 37 l'.brette
5925 8030 36 30 et
5972 8023 48 37 de
6036 8036 65 24 son
6118 8024 234 37 amoureux?
6380 8036 51 25 un
6460 8026 134 37 choeur
6613 8031 95 35 tiè:-

5764 8072 24 48 f,
5807 8072 269 49 très-spirituel
6097 8084 47 25 au
6162 8072 212 37 troisième?

5767 8123 49 37 Le
5834 8122 125 45 public
5972 8133 20 25 a
6005 8121 66 37 fait
6090 8133 51 24 un
6161 8122 142 36 accueil
6320 8123 267 49 sympathique
6603 8128 22 35 à
6644 8139 42 23 ce
6698 8140 7 19 ;

5764 8182 81 25 vers
5866 8182 199 26 morceaux
6083 8177 36 30 et
6131 8173 20 33 à
6170 8170 163 38 d'autres
6350 8184 134 26 encore
6511 8187 74 33 que
6600 8176 40 45 je
6657 8190 47 21 ne

5770 8221 32 34 is
5820 8231 60 25 me
5894 8226 172 43 rappeler
6084 8220 108 48 après
6213 8232 72 25 une
6298 8223 105 36 seule
6413 8224 186 37 audition.

5765 8270 46 35 M.
5830 8269 35 35 J.
5886 8270 126 36 Cohen
6043 8270 93 36 écrit
6153 8273 256 46 simplement,
6428 8280 212 40 purement,
6656 8287 45 24 en

5764 8328 97 25 mme
5880 8320 65 46 qui
5965 8331 19 25 a
6004 8319 124 36 étudié
6143 8331 61 25 ;<es
6220 8324 166 34 maîtres.
6406 8322 25 36 Ii
6453 8324 151 37 marche
6634 8336 65 25 vo-

5764 8367 104 36 )tiers
5882 8378 67 26 sur
5967 8369 55 36 les
6039 8375 120 31 tiaces
6180 8369 180 47 d'Auber,
6379 8382 89 26 sans
6491 8373 139 45 perdre
6655 8374 46 37 de

5764 8425 20 25 e
5814 8416 229 49 Meyerbeer,
6077 8418 90 48 qu'il
6190 8423 123 43 paraît
6344 8420 244 39 affectionner
6622 8430 77 30 tort

5764 8464 304 39 rticulièremoot.
6090 8468 57 35 On
6166 8471 166 40 pourrait
6356 8470 140 37 choisir
6518 8473 87 42 plus
6624 8473 74 36 mal

5781 8514 182 39 modèles.
5984 8517 73 36 Son
6078 8517 58 37 hm
6150 8519 122 35 monie
6289 8525 56 30 est
6362 8519 160 38 délicate
6535 8528 37 29 et
6587 8521 112 37 fouil-

5764 8577 18 36 ;>
5808 8573 68 26 son
5908 8566 270 37 orchestration
6198 8568 230 43 ingénieuse.
6449 8570 43 36 Je
6511 8572 79 35 suis
6608 8583 91 25 ccr-

5764 8611 82 37 incu
5876 8614 158 46 qu'avec
6060 8615 165 38 d'autres
6243 8618 162 46 paroles,
6423 8620 46 35 M.
6491 8619 124 38 Cohen
6635 8624 60 34 eût

5764 8663 74 33 uvé
5854 8664 128 35 mieux
5997 8675 148 26 encore.

5764 8709 20 34 II
5811 8720 21 25 a
5864 8712 275 37 tt-ès-het-it-euse
6148 8720 103 31 ment
6269 8715 152 46 rappelé
6439 8717 20 35 à
6477 8727 51 26 un
6546 8718 149 36 endroit

5768 8768 40 25 sa
5827 8760 193 46 partition,
6040 8761 99 37 deux
6157 8764 158 42 phrases
6337 8776 6 23 :
6365 8764 101 36 l'une
6481 8767 49 36 de
6543 8769 151 39 Zampa,

5764 8813 73 28 ître
5852 8806 47 37 de
5917 8807 74 37 Frà
6012 8810 163 36 Diavolo.
6191 8812 56 34 On
6263 8823 18 24 a
6302 8811 195 46 beaucoup
6513 8818 178 41 applaudi

5764 8865 149 38 passage
5925 8869 7 33 ;
5956 8857 53 36 les
6028 8858 365 47 applaudissements
6410 8871 65 29 ont
6488 8876 96 31 paru
6599 8868 93 36 alier

5764 8905 36 35 lit
5814 8915 46 25 au
5879 8916 106 25 c?ur
6001 8906 57 49 d'
6058 8906 209 49 Aubtr,qui
6280 8912 167 39 assistait
6466 8916 21 35 à
6506 8916 34 35 ia
6559 8920 130 35 repré-

5769 8954 115 38 tation
5899 8953 94 39 dans
6014 8967 71 26 une
6104 8957 79 50 loge
6199 8959 47 38 eie
6265 8958 95 41 face.
